\RequirePackage{filecontents}
\begin{filecontents}{\literatur.bib}
@IEEEtranBSTCTL{IEEEexample:BSTcontrol,
CTLdash_repeated_names= "no",
}
@BOOK{khedker2009data,
AUTHOR={Khedker, Uday and Sanyal, Amitabha and Sathe, Bageshri},
TITLE={Data flow analysis: Theory and Practice},
PUBLISHER={CRC Press},
YEAR={2009}
}

@inproceedings{mingwei:sekar,
 author = {Zhang, M. and Sekar, R.},
 title = {Control Flow Integrity for COTS Binaries},
 booktitle = {Proceedings of the USENIX conference on Security (USENIX SEC)},
 year = {2013}
} 

@inproceedings{safedispatch:jang,
 author = {Jang, D. and Tatlock, T. and Lerner, S.},
 title = {SafeDispatch: Securing C++ Virtual Calls from Memory Corruption Attacks},
 booktitle = {Symposium on Network and Distributed System Security (NDSS)},
 year = {2014}
} 

@InProceedings{schuster:coop,
 author = {Schuster, Felix and Tendyck, Thomas and Liebchen, Christopher and Davi, Lucas and Sadeghi, Ahmad-Reza and Holz, Thorsten},
 title = {Counterfeit Object-Oriented Programming},
 booktitle = {Proceedings of the IEEE Symposium on Security and Privacy (S\&P)},
 year = {2015}
} 

@InProceedings{schuster:raid,
 author = {Schuster, Felix and Tendyck, Thomas and Liebchen, Christopher and Davi, Lucas and Sadeghi, Ahmad-Reza and Holz, Thorsten},
 title = {Evaluating the Effectiveness of Current Anti-ROP Defenses},
 booktitle = {Proceedings of the International Symposium on Research in Attacks, Intrusions, and Defenses (RAID)},
 year = {2014}
} 

@InProceedings{gawlik,
 author = {Gawlik, Robert and Holz, Thorsten},
 title = {Towards automated integrity protection of C++ virtual function tables in binary programs},
 booktitle = {Annual Computer Security Applications Conference (ACSAC)},
 year = {2014}
} 

@InProceedings{payer:dimva,
 author = {Payer, Mathias and Barresi, Antonio and R. Gross, Thomas},
 title = {Fine-Grained Control-Flow Integrity through Binary Hardening},
 booktitle = {DIMVA},
 year = {2015}
} 

@inproceedings{vtv:tice,
 author = {Tice, Caroline and Roeder, Tom and Collingbourne, Peter and Checkoway, Stephen and Erlingsson, {\'U}lfar and Lozano, Luis and Pike, Geoff},
 title = {Enforcing Forward-Edge Control-Flow Integrity in GCC and LLVM},
 booktitle = {Proceedings of the USENIX conference on Security (USENIX SEC)},
 year = {2014}
} 

@inproceedings{subversive-c:lettner,
 author = {Lettner, Julian and Kollenda, Benjamin and Homescu, Andrei and Larsen, Per and Schuster, Felix and
Davi, Lucas and Sadeghi, Ahmad-Reza and Holz, Thorsten and Franz, Michael},
 title = {Subversive-C: Abusing and Protecting Dynamic Message Dispatch},
 booktitle = {USENIX Annual Technical Conference (USENIX ATC)},
 year = {2016}
} 

@inproceedings{intel:cet,
 title = {Intel Control-flow Enforcement Technology},
 year = {2016},
 note = {\url{https://software.intel.com/sites/default/files/managed/4d/2a/control-flow-enforcement-technology-preview.pdf}}
}

@InProceedings{loop:oriented,
 author = {Lan, Bingchen and Li, Yan and Sun, Hao and Su, Chao and Liu, Yao and Zeng, Qingkai},
 title = {Loop-Oriented Programming: A New Code Reuse Attack to Bypass Modern Defenses},
 booktitle = {IEEE Trustcom/BigDataSE/ISPA},
 year = {2015}
} 

@InProceedings{hafix:bypass,
 author = {Theodorides, Michael and Wagner, David},
 title = {Breaking Active-Set Backward-Edge CFI},
 booktitle = {International Symposium on Hardware Oriented Security and Trust (HOST)},
 year = {2017}
}

@InProceedings{hafix,
 author = {Davi, Lucas and Hanreich, M. and Paul, D. and Sadeghi, A.-R and Koeberl, P. and Sullivan, D. and Arias, O. and Jin, Y},
 title = {HAFIX: hardware-assisted flow integrity extension},
 booktitle = {Design Automation Conference (DAC)},
 year = {2015}
}

@InProceedings{zhang:usenix,
 author = {Zhang, Mingwei and Sekar, R.},
 title = {Control Flow Integrity for COTS Binaries},
 booktitle = {Proceedings of the USENIX conference on Security (USENIX SEC)},
 year = {2013}
} 

@InProceedings{dang:asiaccs,
 author = {Dang, Thurston HY and Maniatis, Petros and Wagner, David},
 title = {The Performance Cost of Shadow Stacks and Stack Canaries},
 booktitle = {ACM Asia Conference on Computer and Communications Security (ASIACCS)},
 year = {2015}
}

 @inproceedings{shadowstack:overhead,
  author = "Dang, Thurston H.Y. and Maniatis, Petros and Wagner, David",
  title = "{The Performance Cost of Shadow Stacks and Stack Canaries}",
  booktitle = {ACM Symposium on Information, Computer and Communications Security (ASIACCS)},
  year = "2015",
 }
 
  @inproceedings{safestack:bypass,
title = "Bypassing Clang's SafeStack for Fun and Profit",
keywords = "Security, Information hiding",
author = "E.K. Goktas and A. Oikonomopoulos and Robert Gawlik and Benjamin Kollenda and I. Athanasopoulos and C. Giuffrida and G. Portokalidis and H.J. Bos",
year = "2016",
month = "11",
booktitle = "Black Hat Europe",
}

@inproceedings{N4618,
 title = {Working Draft, Standard for ProgrammingLanguage C++ N4618},
 year = {2016},
 note={\url{http://www.open-std.org/jtc1/sc22/wg21/docs/papers/2016/n4618.pdf}}
}

@InProceedings{vci:asiaccs,
 author = {Elsabagh, Mohamed and Fleck, Dan and Stavrou, Angelos},
 title = {Strict Virtual Call Integrity Checking for C ++ Binaries},
 booktitle = {ACM Asia Conference on Computer and Communications Security (ASIACCS)},
 year = {2017}
}

@InProceedings{alias:undecidable,
 author = {Ramalingam, G.},
 title = {The Undecidability of Aliasing},
 booktitle = {ACM Transactions on Programming Languages and Systems (TOPLAS)},
 year = {1994}
}

@inproceedings{ctf:coop,
 title = {BlueLotus Team, Bctf challenge: bypass vtable read-only checks},
 year = {2015}
 note = {\url{https://github.com/ctfs/write-ups-2015/tree/master/bctf-2015/exploit/zhongguancun}}
}

@inproceedings{windows:cfguard,
 title = {Windows Control Flow Guard},
 note = {\url{http://msdn.microsoft.com/en-us/library/windows/desktop/mt637065(v=vs.85).aspx}},
 year = {2015}
}

@inproceedings{clang:cfi,
 title = {Clang CFI},
 note = {\url{https://clang.llvm.org/docs/ControlFlowIntegrity.html#cfi-strictness}},
 year = {2017}
}

@inproceedings{safestack:bypassing,
 title = {Bypassing clang’s SafeStack for Fun and Profit},
 note = {\url{https://www.blackhat.com/docs/eu-16/materials/eu-16-Goktas-Bypassing-Clangs-SafeStack.pdf}},
 booktitle = {Blackhat Europe},
 year = {2016}
}

@inproceedings{veen:typearmor,
 author = {Veen, Victor van der and Goktas, Enes and Contag, Moritz and Pawlowski, Andre and Chen, Xi and Rawat, Sanjay and
 Bos, Herbert and Holz, Thorsten and Athanasopoulos, Elias and Giuffrida, Cristiano},
 title = {A Tough call: Mitigating Advanced Code-Reuse Attacks At The Binary Level},
 booktitle = {Proceedings of the IEEE Symposium on Security and Privacy (S\&P)},
 year = {2016}
} 

@inproceedings{haller:shrinkwrap,
 author = {Haller, Istvan and Goktas, Enes and Athanasopoulos, Elias and Portokalidis, G. and Bos, Herbert},
 title = {ShrinkWrap: VTable Protection Without Loose Ends},
 booktitle = {Annual Computer Security Applications Conference (ACSAC)},
 year = {2015}
} 

@inproceedings{vtpin,
 author = {Sarbinowski, Pawel and Kemerlis, Vasileios P. and Giuffrida, Cristiano and Athanasopoulos, Elias},
 title = {VTPin: Practical VTable Hijacking Protection for Binaries},
 booktitle = {Annual Computer Security Applications Conference (ACSAC)},
 year = {2016}
} 

@inproceedings{volodymyr:cpi,
 author = {Kuznetsov, Volodymyr and Szekeres, László and Payer, Mathias and Candea, George and Sekar, R. and Song, Dawn},
 title = {Code-Pointer Integrity},
 booktitle = {Proceedings of the USENIX Symposium on Operating Systems Design and Implementation (OSDI)},
 year = {2014}
} 

@inproceedings{bounov:interleaving,
 author = {Bounov, Dimitar and Gökhan Kici, Rami and Lerner, Sorin},
 title = {Protecting C++ Dynamic Dispatch Through VTable Interleaving},
 booktitle = {Symposium on Network and Distributed System Security (NDSS)},
 year = {2016}
} 

@inproceedings{zhang:vtrust,
 author = {Zhang, Chao and Carr, Scott A. and Li, Tongxin and Ding, Yu and Song, Chengyu and Payer, Mathias and Song, Dawn},
 title = {VTrust: Regaining Trust on Virtual Calls},
 booktitle = {Symposium on Network and Distributed System Security (NDSS)},
 year = {2016}
}

@inproceedings{marx,
 author = {Pawlowski, Andre and Contag, Moritz and van der Veen, Victor and Ouwehand, Chris and Holz, Thorsten and Bos, Herbert and Athanasopoulos, Elias and Giuffrida, Cristiano},
 title = {MARX : Uncovering Class Hierarchies in C++ Programs},
 booktitle = {Symposium on Network and Distributed System Security (NDSS)},
 year = {2017}
}

@inproceedings{crane:readactor++,
 author = {Crane, Stephen and Volckaert, Stijn and Schuster, Felix and Liebchen, Christopher and Larsen, Per and Davi, Lucas and Sadeghi, Ahmad-Reza and Holz, Thorsten and De Sutter, Bjorn and Franz, Michael},
 title = {It's a TRaP: Table Randomization and Protection against Function-Reuse Attacks},
 booktitle = {Proceedings of the ACM SIGSAC Conference on Computer and Communications Security (CCS)},
 year = {2015}
}

@inproceedings{jujutsu,
 author = {Evans, Isaac and Long, Fan and Otgonbaatar, Ulziibayar and Shrobe, Howard and Rinard, Martin and Okhravi, Hamed and Sidiroglou-Douskosr, Stelios},
 title = {Control Jujutsu: On the Weaknesses of Fine-Grained Control Flow Integrity},
 booktitle = {Proceedings of the ACM SIGSAC Conference on Computer and Communications Security (CCS)},
 year = {2015}
}

@inproceedings{caballero:inference,
 author = {Caballero, Juan and Lin, Zhiqiang},
 title = {Type Inference on Executables},
 booktitle = {ACM Computing Surveys (CSUR)},
 year = {2016}
}

@inproceedings{veen:cfi,
 author = {Veen, Victor van der and Andriesse, Dennis and Göktas, Enes and Gras, Ben and
 Sambuc, Lionel and Slowinska, Asia and Bos, Herbert and Giuffrida, Cristiano},
 title = {Practical Context-Sensiticve CFI},
 booktitle = {Proceedings of the ACM SIGSAC Conference on Computer and Communications Security (CCS)},
 year = {2015}
}

@inproceedings{andriesse:indepth,
 author = {Andriesse, D. and Chen, X. and Veen, V. van der and Slowinska, A. and Bos, H.},
 title = {An In-Depth Analysis of Disassembly on Full-Scale x86/x64 Binaries},
 booktitle = {Proceedings of the USENIX Conference on Security (USENIX SEC)},
 year = {2016}
}

@inproceedings{lin:rewards,
 author = {Lin, Zhiqiang and Zhang, Xiangyu and Xu, Dongyan},
 title = {Automatic Reverse Engineering of Data Structures from Binary Execution},
 booktitle = {Symposium on Network and Distributed System Security (NDSS)},
 year = {2010}
}

@inproceedings{bap:brumley,
 author = {Brumley, David and Jager, Ivan and Avgerinos, Thanassis and Schwartz, Edward J.},
 title = {BAP: A Binary Analysis Platform},
 booktitle = {Proceedings of Computer AidedVTint: Protecting Virtual Function Tab Verification (CAV)},
 year = {2011}
}

@inproceedings{fokin:smartdec,
 author = {Fokin, Alexander and Derevenets, Yegor and Chernov, Alexander and Troshina, Katerina},
 title = {SmartDec: Approaching C++ decompilation},
 booktitle = {Working Conference on Reverse Engineering (WCRE)},
 year = {2011}
}

@inproceedings{divine:balakrishnan,
 author = {Balakrishnan, G. and Reps, T.},
 title = {DIVINE: Discovering Variables in Executables},
 booktitle = {International Conference on Verification, Model Checking, and Abstract Interpretation (VMCAI)},
 year = {2007}
}

@inproceedings{alan:mycroft,
 author = {Mycroft, Alan},
 title = {Lecture Notes},
 note={\url{https://www.cl.cam.ac.uk/~am21/papers/sas07slides.pdf}},
 year = {2007}
}

@inproceedings{bernat:dyninst,
 author = {Bernat, Andrew R. and Miller, Barton P.},
 title = {Anywhere, Any-Time Binary Instrumentation},
 booktitle = {Proceedings of the 10th ACM SIGPLAN-SIGSOFT workshop on Program analysis for software tools, (PASTE)},
 year = {2011}
}

@inproceedings{dynamorio:drmemory,
 author = {},
 title = {DynamoRIO},
 note={\url{http://dynamorio.org/home.html}}
}

@inproceedings{iso:iecN3690,
 author = {I. JTC1/SC22WG21},
 title = {ISO/IEC 14882:2013 Programming Language C++ (N3690)},
 year = {2013},
 note={\url{https://isocpp.org/files/papers/N3690.pdf}}
}

@inproceedings{byoungyoung:typecasting,
 author = {Lee, Byoungyoung and Song, Chengyu and Kim, Taesoo and Lee, Wenke},
 title = {Type Casting Verification: Stopping an Emerging Attack Vector},
 booktitle = {Proceedings of the USENIX Conference on Security (USENIX SEC)},
 year = {2015}
}

@inproceedings{rockjit:niu,
 author = {Niu, Ben and Tan, Gang},
 title = {RockJIT: Securing Just-In-Time Compilation Using Modular Control-Flow Inegrity},
 booktitle = {Proceedings of the ACM Conference on Computer and Communications Security (CCS)},
 year = {2014}
}

@inproceedings{cfg:sound,
 author = {Tan, Gang and Jaeger, Trent},
 title = {CFG Construction Soundness in Control-Flow Integrity},
 booktitle = {Proceedings of the ACM SIGSAC Workshop on Programming Languages and Analysis for Security (PLAS)},
 year = {2017}
}

@inproceedings{vtint:zhang,
 author = {Zhang, Chao and Song, Chengyu and Zhijie, Kevin Chen and Chen, Zhaofeng and Song, Dawn},
 title = {vTint: Protecting Virtual Function Tables\' Integrity},
 booktitle = {Proceedings of the Symposium on Network and Distributed System Security (NDSS)},
 year = {2015}
}

@inproceedings{abadi:cfi2,
 author = {Abadi, Martin and Budiu, Mihai and Erlingsson, {\'U}lfar and Ligatti, Jay},
 title = {Control Flow Integrity},
 booktitle = {Proceedings of the 12th ACM Conference on Computer and Communications Security (CCS)},
 year = {2005}
}

@inproceedings{perinput:niu,
 author = {Niu, Ben and Tan, Gang},
 title = {Per-Input Control-Flow Integrity},
 booktitle = {Proceedings the ACM Conference on Computer and Communications Security (CCS)},
 year = {2015}
}

@inproceedings{cfi:survey,
 author = {Nathan, Burow, and A. Carr, Scott, and Nash, Joseph, and Larsen, Per, and Franz, Michael, and Brunthaler, Stefan, and Payer, Mathias},
 title = {Control-Flow Integrity: Precision, Security, and Performance},
 booktitle = {ACM Computing Surveys (CSUR)},
 year = {2017}
}

@inproceedings{abadi:cfi,
 author = {Abadi, Martin and Budiu, Mihai and Erlingsson, {\'U}lfar and Ligatti, Jay},
 title = {Control Flow Integrity Principles, Implementations, and Applications},
 booktitle = {ACM Transactions on Information and System Security (TISSEC)},
 year = {2009}
}

@inproceedings{mcfi:niu,
 author = {Niu, Ben and Tan, Gang},
 title = {Modular Control-Flow Integrity},
 booktitle = {ACM Conferece on Programming Language Design and Implementation (PLDI)},
 year = {2014}
}

@inproceedings{vfuard:aravind,
 author = {Prakash, Aravind and Hu, Xunchao and Yin, Heng},
 title = {Strict Protection for Virtual Function Calls in COTS C++ Binaries},
 booktitle = {Symposium on Network and Distributed System Security (NDSS)},
 year = {2015}
}

@inproceedings{dynaguard:petsios,
 author = {Petsios, Theofilos and Kemerlis, Vasileios P. and Polychronakis, Michalis and Keromytis, Angelos D.},
 title = {DynaGuard: Armoring Canary-based Protections against Brute-force Attacks},
 booktitle = {Annual Computer Security Applications Conference (ACSAC)},
 year = {2015}
}

@inproceedings{pblocker:prakash,
 author = {Prakash, Aravind and Yin, Heng},
 title = {Defeating ROP Through Denial of Stack Pivot},
 booktitle = {Annual Computer Security Applications Conference (ACSAC)},
 year = {2015}
}

@inproceedings{mohan:opaque,
 author = {Mohan, Vishwath and Larsen, Per and Brunthaler, Stefan and Hamlen, Kevin W. and Franz, Michael},
 title = {Opaque Control-Flow Integrity},
 booktitle = {Symposium on Network and Distributed System Security (NDSS)},
 year = {2015}
}

@inproceedings{cfci:zhang,
 author = {Zhang, Mingwei and Sekar, R.},
 title = {Control Flow and Code Integrity for COTS binaries: An Effective Defense Against Real-ROP Attcks},
 booktitle = {Annual Computer Security Applications Conference (ACSAC)},
 year = {2015}
}

@inproceedings{ccfir:zhang,
 author = {Zhang, Chao and Wei, Tao and Chen, Zhaofeng and Duan, Lei and Szekeres, Laszlo and McCamant, Stephen and Song, Dawn and Zou, Wei},
 title = {Practical Control Flow Integrity \& Randomization for Binary Executables},
 booktitle = {Proceedings of the IEEE Symposium on Security and Privacy (S\&P)},
 year = {2013}
}

@inproceedings{cfiguard:yuan,
 author = {Yuan, Pinghai and Zeng, Qingkai and Ding, Xuhua},
 title = {Hardware-Assisted Fine-Grained Code-Reuse Attack Detection},
 booktitle = {Proceedings of the International Symposium on Research in Attacks, Intrusions, and Defenses (RAID)},
 year = {2015}
}

@inproceedings{ccfi:jose,
 author = {Mashtizadeh, Ali José and Bittau, Andrea and Boneh, Dan and Mazières, David},
 title = {CCFI: Cryptograhically Enforced Control Flow Integrity},
 booktitle = {Proceedings of the ACM SIGSAC Conference on Computer and Communications Security (CCS)},
 year = {2015}
}

@inproceedings{herley:security,
 author = {Herley, Cormac and van Oorschot, P. C.},
 title = {Science, Security, and the Elusive Goal of Security as a Scientific Pursuit},
 booktitle = {Proceedings of the IEEE Symposium on Security and Privacy (S\&P)},
 year = {2017}
}

@inproceedings{dep,
 author = {},
 title = {Microsoft, Changes to Functionality in Microsoft Windows XP Service Pack 2.},
 note={\url{https://technet.microsoft.com/en-us/library/bb457151.aspx.}}
}

@inproceedings{ASLR,
 author = {PaX Team. Address Space Layout Randomization},
 year = {2001},
 note={\url{https://pax.grsecurity.net/docs/aslr.txt}}
}

@inproceedings{ROP,
 author = {Buchanan, E. and Roemer, R. and Shacham, H. and Savage, S.},
 title = {When Good Instructions Go Bad: Generalizing Return-oriented Programming to RISC},
 year = {2008},
 booktitle = {ACM Conference on Computer and Communications Security (CCS)}
}

@inproceedings{NVD:ACE,
 author = {United States NVD-Reports},
 title = {Over 800 arbitrary code executions reported from Jan.'08 to Oct.'17},
 year = {2017},
 note={\url{https://goo.gl/5uv47n}}
}


@inproceedings{JOP1,
 author = {Bletsch, T. and Jiang, X. and Freeh, V. W. and Liang, Z.},
 title = {Jump-Oriented Programming: A New Class of Code-Reuse Attack},
 booktitle = {ACM Asia Conference on Computer and Communications Security (ASIACCS)},
 year = {2011}
}

@inproceedings{function:boundary,
 author = {Andriesse, Dennis and Slowinska, Asia and Bos, Herbert},
 title = {Compiler-Agnostic Function Detection in Binaries},
 booktitle = {IEEE European Symposium on Security and Privacy (EuroS\&P)},
 year = {2017}
}

@inproceedings{reprod:nist,
 author = {Wayne Jansen},
 title = {Directions in Security Metrics Research},
 booktitle = {NISTIR 7564},
 year = {2009},
 note={\url{http://nvlpubs.nist.gov/nistpubs/Legacy/IR/nistir7564.pdf}}
}

@inproceedings{itanium:abi,
 title = {Itanium C++ ABI},
 note={\url{https://mentorembedded.github.io/cxx-abi/abi.html}}
}

@inproceedings{arm:abi,
 title = {C++ ABI for the ARM Architecture},
 year = {2015},
 note={\url{http://infocenter.arm.com/help/topic/com.arm.doc.ihi0041e/IHI0041E cppabi.pdf}}
}

@inproceedings{microsoft:abi,
 title = {J. Gray. C++: Under the Hood},
 year = {1994},
 note={\url{http://www.openrce.org/articles/files/jangrayhood.pdf}}
}


@inproceedings{JOP2,
 author = {Checkoway, S. and Davi, L. and Dmitrienko, A. and Sadeghi, A.-R. and Shacham, H. and Winandy, M.},
 title = {Return-oriented Programming Without Returns},
 booktitle = {ACM Conference on Computer and Communications Security (CCS)},
 year = {2010}
}

@inproceedings{JOP3,
 author = {Davi, L. and Dmitrienko, A. and Sadeghi, A.-R. and Winandy, M.},
 title = {Return-Oriented Programming without Returns on ARM},
 booktitle = {Technical report, Technical Report HGI-TR-2010-002, Ruhr-University Bochum},
 year = {2010}
}

@inproceedings{rop:carlini,
 author = {Carlini, Nicholas and Wagner, David},
 title = {ROP is still dangerous: Breaking Modern Defenses},
 booktitle = {Proceedings of the USENIX conference on Security (USENIX SEC)},
 year = {2014}
}

@inproceedings{kornau:rop,
 author = {Kornau, T.},
 title = {Return-Oriented Programming for the ARM Architecture},
 year = {2009},
 note={\url{http://www.zynamics.com/downloads/kornau-tim--diplomarbeit--rop.pdf}}
}

@inproceedings{rop:shacham,
 author = {Shacham, H.},
 title = {The Geometry of Innocent Flesh on the Bone: Return-into-Libc without Function Calls (On the x86)},
 booktitle = {ACM Conference on Computer and Communications Security (CCS)},
 year = {2007}
}

@inproceedings{carlini:bending,
 author = {Carlini, Nicolas and Barresi, Antonio and Payer, Mathias and Wagner, David and Gross, Thomas R.},
 title = {Control-Flow Bending: On the Effectiveness of Control-Flow Integrity},
 booktitle = {Proceedings of the USENIX conference on Security (USENIX SEC)},
 year = {2015}
}

@inproceedings{conti:ccs,
 author = {Conti, Mauro and Larsen, Per and Crane, Stephen   and Davi, Lucas and Franz, Michael and Negro, Marco and  Liebchen, Christopher and Qunaibit, Mohaned and Sadeghi, Ahmad-Reza},
 title = {Losing Control: On the Effectiveness of Control-Flow Integrity Under Stack Attacks},
 booktitle = {Proceedings of the ACM SIGSAC Conference on Computer and Communications Security (CCS)},
 year = {2015}
}

@inproceedings{skowyra:systemetic,
 author = {Skowyra, R. and Casteel, K. and Okhravi, H. and Zeldovich, N. and Streilein, W.},
 title = {Systematic Analysis of Defenses Against Return-Oriented Programming},
 booktitle = {Proceedings of the International Symposium on Research in Attacks, Intrusions, and Defenses (RAID)},
 year = {2013}
}

@inproceedings{goktas:outofcontrol,
 author = {Göktas, Enes and Athanasopoulos, Elias and Bos, Herbert and Portokalidis, Georgios},
 title = {Out Of Control: Overcoming Control-Flow Integrity},
 booktitle = {Proceedings of the IEEE Symposium on Security and Privacy (S\&P)},
 year = {2014}
}

@inproceedings{minghua:binary,
 author = {Wang, Minghua and Yin, Heng and Bhaskar, Abhishek Vasisht and Su, Purui and Feng, Dengguo},
 title = {Binary Code Continent: Finer-Grained Control Flow Integrity for Stripped Binaries},
 booktitle = {Annual Computer Security Applications Conference (ACSAC)},
 year = {2015}
}


@inproceedings{rfg,
 author = "xLab",
 title="Return Flow Guard",
 note={\url{http://xlab.tencent.com/en/2016/11/02/return-flow-guard/.}},
}

@inproceedings{safestack,
 author = "",
 title="Clang SafeStack",
 note={\url{https://clang.llvm.org/docs/SafeStack.html.}},
} 

@inproceedings{clang:llvm,
 author = "Clang/LLVM",
 title="",
 note={\url{https://clang.llvm.org/}},
} 

@inproceedings{intel:cet,
 author = "Intel",
 title="Intel CET",
 note={\url{https://software.intel.com/en-us/blogs/2016/06/09/intel-release-new-technology-specifications-protect-rop-attacks.}},
} 

@inproceedings{windows:cfguard,
 author = "Microsoft",
 title = "Windows CFGuard",
 note={\url{https://msdn.microsoft.com/de-de/library/windows/desktop/mt637065(v=vs.85).aspx.}},
} 

@inproceedings{intelpt,
 author = "Intel",
 title = "Intel Processor Trace",
 note={\url{https://software.intel.com/en-us/blogs/2013/09/18/processor-tracing}},
} 

@inproceedings{itanium:abi,
 title = {Itanium C++ ABI},
 note={\url{https://mentorembedded.github.io/cxx-abi/abi.html}}
}

@inproceedings{arm:abi,
 title = {C++ ABI for the ARM Architecture},
 year = {2015},
 note={\url{http://infocenter.arm.com/help/topic/com.arm.doc.ihi0041e/IHI0041E cppabi.pdf}}
}

@inproceedings{microsoft:abi,
 title = {J. Gray. C++: Under the Hood},
 year = {1994},
 note={\url{http://www.openrce.org/articles/files/jangrayhood.pdf}}
}

% 
% @BOOK{khedker2009data,
% AUTHOR="Khedker, Uday and Sanyal, Amitabha and Sathe, Bageshri",
% TITLE="{Data flow analysis: Theory and Practice}",
% PUBLISHER="CRC Press",
% YEAR="2009",
% }
% 
 @inproceedings{mingwei:sekar,
  author = "Zhang, M. and Sekar, R.",
  title = "{Control Flow Integrity for COTS Binaries}",
  booktitle = "Proceedings of the USENIX conference on Security (USENIX SEC)",
  year = "2013",
 } 
% 
 @inproceedings{safedispatch:jang,
  author = "Jang, D. and Tatlock, T. and Lerner, S.",
  title = "{SafeDispatch: Securing C++ Virtual Calls from Memory Corruption Attacks}",
  booktitle = "Symposium on Network and Distributed System Security (NDSS)",
  year = "2014",
 } 
% 
% @InProceedings{schuster:coop,
%  author = "Schuster, Felix and Tendyck, Thomas and Liebchen, Christopher and Davi, Lucas and Sadeghi, Ahmad-Reza and Holz, Thorsten",
%  title = "{Counterfeit Object-Oriented Programming}",
%  booktitle = "Proceedings of the IEEE Symposium on Security and Privacy (S\&P)",
%  year = "2015",
% } 

 @InProceedings{hypersafe,
  author = "Wang, Zhi and Jiang, Xuxian",
  title = "{HyperSafe: A Lightweight Approach to Provide Lifetime Hypervisor Control-Flow}",
  booktitle = "Proceedings of the IEEE Symposium on Security and Privacy (S\&P)",
  year = "2010",
 } 
 
  @InProceedings{kernelcfi,
  author = "Ge, Xinyang and Talele, Nirupama and Payer, Mathias and Jaeger, Trent",
  title = "{Fine-Grained Control-Flow Integrity for Kernel Software}",
  booktitle = "IEEE European Symp. on Security and Privacy (Euro S\&P)",
  year = "2016",
 } 
 

 @InProceedings{payer:dimva,
  author = "Payer, Mathias and Barresi, Antonio and R. Gross, Thomas",
  title = "{Fine-Grained Control-Flow Integrity through Binary Hardening}",
  booktitle = "DIMVA",
  year = "2015",
 } 
% 
% 
% @inproceedings{vtv:tice,
%  author = {Tice, Caroline and Roeder, Tom and Collingbourne, Peter and Checkoway, Stephen and Erlingsson, {\'U}lfar and Lozano, Luis and Pike, Geoff},
%  title = {{Enforcing Forward-Edge Control-Flow Integrity in GCC and LLVM}},
%  booktitle = {Proceedings of the USENIX conference on Security (USENIX SEC)},
%  year = "2014",
% } 
% 
% @inproceedings{subversive-c:lettner,
%  author = "Lettner, Julian and Kollenda, Benjamin and Homescu, Andrei and Larsen, Per and Schuster, Felix and
% Davi, Lucas and Sadeghi, Ahmad-Reza and Holz, Thorsten and Franz, Michael",
%  title = "{Subversive-C: Abusing and Protecting Dynamic Message Dispatch}",
%  booktitle = {USENIX Annual Technical Conference (USENIX ATC)},
%  year = "2016",
% } 
% 
% @inproceedings{intel:cet,
%  title = "{Intel Control-flow Enforcement Technology (CET)}",
%  year = "2016",
%  note={\url{http://blogs.intel.com/evangelists/2016/06/09/intel-release-new-technology-specifications-protect-rop-attacks/}}
% }
% 
% @InProceedings{loop:oriented,
%  author = "Lan, Bingchen and Li, Yan and Sun, Hao and Su, Chao and Liu, Yao and Zeng, Qingkai",
%  title = "{Loop-Oriented Programming: A New Code Reuse Attack to Bypass Modern Defenses}",
%  booktitle = {IEEE Trustcom/BigDataSE/ISPA},
%  year = "2015",
% } 
% 
% @InProceedings{zhang:usenix,
%  author = "Zhang, Mingwei and Sekar, R.",
%  title = "{Control Flow Integrity for COTS Binaries}",
%  booktitle = {(USENIX SEC)},
%  year = "2013",
% } 
% 
% @InProceedings{dang:asiaccs,
%  author = "Dang, Thurston HY and Maniatis, Petros and Wagner, David",
%  title = "{The Performance Cost of Shadow Stacks and Stack Canaries}",
%  booktitle = {(ASIACCS)},
%  year = "2015",
% }
% 
% @inproceedings{N4618,
%  title = "{2016 Working Draft, Standard for ProgrammingLanguage C++ N4618,}",
%  year = "2016",
%  note={\url{http://www.open-std.org/jtc1/sc22/wg21/docs/papers/2016/n4618.pdf}}
% }
% 
% @InProceedings{vci:asiaccs,
%  author = "Elsabagh, Mohamed and Dan, Fleck and Stavrou, Angelos",
%  title = "{Strict Virtual Call Integrity Checking for C ++ Binaries}",
%  booktitle = {(ASIACCS),},
%  year = "2017",
% }
% 
 @InProceedings{alias:undecidable,
  author = "Ramalingam, G.",
  title = "{The Undecidability of Aliasing}",
  booktitle = {ACM Transactions on Programming Languages and Systems (TOPLAS)},
  year = "1994",
 }
 
 @InProceedings{hafix:bypass,
 author = {Theodorides, Michael and Wagner, David},
 title = {Breaking Active-Set Backward-Edge CFI},
 booktitle = {International Symposium on Hardware Oriented Security and Trust (HOST)},
 year = {2017}
}


% 
% @inproceedings{ctf:coop,
%  title = "{BlueLotus Team, Bctf challenge: bypass vtable read-only checks}",
%  note={\url{https://github.com/ctfs/write-ups-2015/tree/master/bctf-2015/exploit/zhongguancun}}
%  year = "2015",
% }
% 
% @inproceedings{windows:cfguard,
%  title = "{Windows Control Flow Guard}",
%  note={\url{http://msdn.microsoft.com/en-us/library/windows/desktop/mt637065(v=vs.85).aspx}}
%  year = "2015",
% }

 @inproceedings{apache:mesos,
  title = "{Apache Mesos}",
  note={\url{https://projects.apache.org/project.html?mesos}}
  year = "2017",
 }

  @inproceedings{apache:penoffice,
  title = "{Apache Open Office}",
  note={\url{https://projects.apache.org/project.html?openoffice}}
  year = "2017",
 }
 

  @inproceedings{apache:traficserver,
  title = "{Apache Traffic Server}",
  note={\url{https://projects.apache.org/project.html?trafficserver-traffic_server}}
  year = "2017",
 }

  @inproceedings{apache:xalan,
  title = "{Apache Xalan for C++ XSLT Processor}",
  note={\url{https://projects.apache.org/project.html?xalan-for_c++_xslt_processor}}
  year = "2017",
 }
 
  @inproceedings{mysql,
  title = "{MySQL}",
  note={\url{https://www.mysql.com/}}
  year = "2017",
 }

  @inproceedings{nodejs,
  title = "{NodeJS}",
  note={\url{https://nodejs.org/en/}}
  year = "2017",
 }



% 
% @inproceedings{veen:typearmor,
%  author = "Veen, Victor van der and Goktas, Enes and Contag, Moritz and Pawlowski, Andre and Chen, Xi and Rawat, Sanjay and
%  Bos, Herbert and Holz, Thorsten and Athanasopoulos, Elias and Giuffrida, Cristiano",
%  title = "{A Tough call: Mitigating Advanced Code-Reuse Attacks At The Binary Level}",
%  booktitle = {Proceedings of the IEEE Symposium on Security and Privacy (S\&P)},
%  year = "2016",
% } 
% 
 @inproceedings{haller:shrinkwrap,
  author = "Haller, Istvan and Goktas, Enes and Athanasopoulos, Elias and Portokalidis, G. and Bos, Herbert",
  title = "{ShrinkWrap: VTable Protection Without Loose Ends}",
  booktitle = {Annual Computer Security Applications Conference (ACSAC)},
  year = "2015",
 } 
% 


 @inproceedings{volodymyr:cpi,
  author = "Kuznetsov, Volodymyr and Szekeres, László and Payer, Mathias and Candea, George and Sekar, R. and Song, Dawn",
  title = "{Code-Pointer Integrity}",
  booktitle = {Proceedings of the USENIX Symposium on Operating Systems Design and Implementation (OSDI)},
  year = "2014",
 } 
 
 @inproceedings{bounov:interleaving,
  author = "Bounov, Dimitar and Gökhan Kici, Rami and Lerner, Sorin",
  title = "{Protecting C++ Dynamic Dispatch Through VTable Interleaving}",
  booktitle = {Symposium on Network and Distributed System Security (NDSS)},
  year = "2016",
 } 
 
 @inproceedings{safestack:bypass,
title = "Bypassing Clang's SafeStack for Fun and Profit",
keywords = "Security, Information hiding",
author = "E.K. Goktas and A. Oikonomopoulos and Robert Gawlik and Benjamin Kollenda and I. Athanasopoulos and C. Giuffrida and G. Portokalidis and H.J. Bos",
year = "2016",
month = "11",
booktitle = "Black Hat Europe",
}

% 
% @inproceedings{zhang:vtrust,
%  author = "Zhang, Chao and Carr, Scott A. and Li, Tongxin and Ding, Yu and Song, Chengyu and Payer, Mathias and Song, Dawn",
%  title = "{VTrust: Regaining Trust on Virtual Calls}",
%  booktitle = {Symposium on Network and Distributed System Security (NDSS)},
%  year = "2016",
% }
% 
% @inproceedings{crane:readactor++,
%  author = "Crane, Stephen and Volckaert, Stijn and Schuster, Felix and Liebchen, Christopher and Larsen, Per and
%  Davi, Lucas and Sadeghi, Ahmad-Reza and Holz, Thorsten and De Sutter, Bjorn and Franz, Michael",
%  title = "{It’s a TRaP: Table Randomization and Protection against Function-Reuse Attacks}",
%  booktitle = {Proceedings of the ACM SIGSAC Conference on Computer and Communications Security (CCS)},
%  year = "2015",
% }
% 
% @inproceedings{caballero:inference,
%  author = "Caballero, Juan and Lin, Zhiqiang",
%  title = "{Type Inference on Executables}",
%  booktitle = {ACM Computing Surveys (CSUR)},
%  year = "2016",
% }
% 
 @inproceedings{veen:cfi,
  author = "Veen, Victor van der and Andriesse, Dennis and Göktas, Enes and Gras, Ben and
  Sambuc, Lionel and Slowinska, Asia and Bos, Herbert and Giuffrida, Cristiano",
  title = "{Practical Context-Sensiticve CFI}",
  booktitle = {Proceedings of the ACM SIGSAC Conference on Computer and Communications Security (CCS)},
  year = "2015",
 }
% 
% @inproceedings{andriesse:indepth,
%  author = "Andriesse, D. and Chen, X. and Veen, V. van der and Slowinska, A. and Bos, H.",
%  title = "{An In-Depth Analysis of Disassembly on Full-Scale x86/x64 Binaries}",
%  booktitle = {Proceedings of the USENIX Conference on Security (USENIX SEC)},
%  year = "2016",
% }
% 
% @inproceedings{lin:rewards,
%  author = "Lin, Zhiqiang and Zhang, Xiangyu and Xu, Dongyan",
%  title = "{Automatic Reverse Engineering of Data Structures from Binary Execution}",
%  booktitle = {Symposium on Network and Distributed System Security (NDSS)},
%  year = "2010",
% }

 @inproceedings{hafix,
  author = "Arias, Orlando and Davi, Lucas and Hanreich, Matthias and Jin, Yier and Koeberl, Patrick and Paul, Debayan and Sadeghi, Ahmad-Reza and Sullivan, Dean",
  title = "{HAFIX: Hardware-Assisted Flow Integrity Extension}",
  booktitle = {Annual Design Automation Conference (DAC)},
  year = "2015",
 }
 
  @inproceedings{hafix:broken,
  author = "Theodorides, Michael and Wagner, David",
  title = "{Breaking Active-Set Backward-Edge CFI}",
  booktitle = {IEEE International Symposium on Hardware Oriented Security and Trust (HOST)},
  year = "2017",
 }
 
  @inproceedings{mocfi,
  author = "Lucas, Davi and Dmitrienko, Alexandra and Egele, Manuel, Fischer, Thomas and Holz, Thorsten and Hund, Ralf and Nurnberger, Stefan and Sadeghi, Ahmad-Reza",
  title = "{MoCFI: A Framework to Mitigate Control-Flow Attacks on Smartphones}",
  booktitle = {Symposium on Network and Distributed System Security (NDSS)},
  year = "2012",
 }
 
 @inproceedings{marx,
 author = {Pawlowski, Andre and Contag, Moritz and van der Veen, Victor and Ouwehand, Chris and Holz, Thorsten and Bos, Herbert and Athanasopoulos, Elias and Giuffrida, Cristiano},
 title = {MARX : Uncovering Class Hierarchies in C++ Programs},
 booktitle = {Symposium on Network and Distributed System Security (NDSS)},
 year = {2017}
}

 @inproceedings{ropecker,
 author = {Cheng, Yueqiang and Zhou, Zongwei and Miao, Yu and Ding, Xuhua and Deng, Robert Huijie},
 title = {ROPecker: A Generic and Practical Approach For Defending Against ROP Attacks},
 booktitle = {Symposium on Network and Distributed System Security (NDSS)},
 year = {2014}
}

 @inproceedings{davi:hardware,
 author = {Davi, Lucas and Koeberl, Patrick and Sadeghi, Ahmad-Reza},
 title = {Hardware-Assisted Fine-Grained Control-Flow Integrity: Towards Efficient Protection of Embedded Systems Against Software Exploitation},
 booktitle = {Annual Design Automation Conference (DAC)},
 year = {2014}
}

 @inproceedings{kbouncer,
 author = {Pappas, Vasilis and Polychronakis, Michalis and Keromytis, Angelos D.},
 title = {Transparent ROP Exploit Mitigation Using Indirect Branch Tracing},
 booktitle = {Proceedings of the USENIX Conference on Security (USENIX SEC)},
 year = "2013",
}
 
% @inproceedings{bap:brumley,
%  author = "Brumley, David and Jager, Ivan and Avgerinos, Thanassis and Schwartz, Edward J.",
%  title = "{BAP: A Binary Analysis Platform}",
%  booktitle = {Proceedings of Computer AidedVTint: Protecting Virtual Function Tab Verification (CAV)},
%  year = "2011",
% }
% 
% @inproceedings{fokin:smartdec,
%  author = "Fokin, Alexander and Derevenets, Yegor and Chernov, Alexander and Troshina, Katerina",
%  title = "{SmartDec: Approaching C++ decompilation}",
%  booktitle = {Working Conference on Reverse Engineering (WCRE)},
%  year = "2011",
% }
% 
% @inproceedings{divine:balakrishnan,
%  author = "Balakrishnan, G. and Reps, T.",
%  title = "{DIVINE: Discovering Variables in Executables}",
%  booktitle = {International Conference on Verification, Model Checking, and Abstract Interpretation (VMCAI)},
%  year = "2007",
% }
% 
% @inproceedings{alan:mycroft,
%  author = "Mycroft, Alan",
%  title = "{Lecture Notes}",
%  note={\url{https://www.cl.cam.ac.uk/~am21/papers/sas07slides.pdf}}
%  year = "2007",
% }
% 
% @inproceedings{bernat:dyninst,
%  author = "Bernat, Andrew R. and Miller, Barton P.",
%  title = "{Anywhere, Any-Time Binary Instrumentation}",
%  booktitle = {Proceedings of the 10th ACM SIGPLAN-SIGSOFT workshop on Program analysis for software tools, (PASTE)},
%  year = "2011",
% }
% 
% @inproceedings{dynamorio:drmemory,
%  author = "",
%  title = "{DynamoRIO}",
%  note={\url{http://dynamorio.org/home.html}}
% }
% 
% @inproceedings{iso:iecN3690,
%  author = "I. JTC1/SC22WG21",
%  title = "{ISO/IEC 14882:2013 Programming Language C++ (N3690)}",
%  note={\url{https://isocpp.org/files/papers/N3690.pdf}},
%  year = "2013",
% }
% 
% @inproceedings{byoungyoung:typecasting,
%  author = "Lee, Byoungyoung and Song, Chengyu and Kim, Taesoo and Lee, Wenke",
%  title = "{Type Casting Verification: Stopping an Emerging Attack Vector}",
%  booktitle = {Proceedings of the USENIX Conference on Security (USENIX SEC)},
%  year = "2015",
% }
% 
 @inproceedings{abadi:cfi2,
  author = "Abadi, Martin and Budiu, Mihai and Erlingsson, {\'U}lfar and Ligatti, Jay",
  title = "{Control Flow Integrity}",
  booktitle = {Proceedings of the 12th ACM Conference on Computer and Communications Security (CCS)},
  year = "2005",
}

 @inproceedings{mip,
  author = "Niu, Ben and Tan, Gang",
  title = "{Monitor integrity protection with space efficiency and separate compilation}",
  booktitle = {Proceedings of the 12th ACM Conference on Computer and Communications Security (CCS)},
  year = "2013",
}

@inproceedings{mcfi:niu,
 author = {Niu, Ben and Tan, Gang},
 title = "{Modular Control-Flow Integrity}",
 booktitle = {ACM Conference on Programming Language Design and Implementation (PLDI)},
 year = {2014}
}

% 
% @inproceedings{abadi:cfi,
%  author = "Abadi, Martin and Budiu, Mihai and Erlingsson, {\'U}lfar and Ligatti, Jay",
%  title = "{Control Flow Integrity Principles, Implementations, and Applications}",
%  booktitle = {ACM Transactions on Information and System Security (TISSEC)},
%  year = "2009",
% }
% 
% @inproceedings{mcfi:niu,
%  author = "Niu, Ben and Tan, Gang",
%  title = "{Modular Control-Flow VTint: Protecting Virtual Function TabIntegrity}",
%  booktitle = {ACM Conference on Programming Language Design and Implementation (PLDI)},
%  year = "2014",
% }
% 
 @inproceedings{rockjit:niu,
  author = "Niu, Ben and Tan, Gang",
  title = "{RockJIT: Securing Just-In-Time Compilation Using Modular Control-Flow Inegrity}",
  booktitle = {Proceedings of the ACM Conference on Computer and Communications Security (CCS)},
  year = "2014",
 }
 
% 
% @inproceedings{vtint:zhang,
%  author = "Zhang, Chao and Song, Chengyu and Zhijie, Kevin Chen and Chen, Zhaofeng and Song, Dawn",
%  title = "{VTint: Protecting Virtual Function Tables\' Integrity}",
%  booktitle = {Proceedings of the Symposium on Network and Distributed System Security (NDSS)},
%  year = "2015",
% }
% 
 @inproceedings{vfuard:aravind,
  author = "Prakash, Aravind and Hu, Xunchao and Yin, Heng",
  title = "{Strict Protection for Virtual Function Calls in COTS C++ Binaries}",
  booktitle = {Symposium on Network and Distributed System Security (NDSS)},
  year = "2015",
 }
 
 @inproceedings{cfi_survey_payer,
 author = {Nathan, Burow, and A. Carr, Scott, and Nash, Joseph, and Larsen, Per, and Franz, Michael, and Brunthaler, Stefan, and Payer, Mathias},
 title = {Control-Flow Integrity: Precision, Security, and Performance},
 booktitle = {ACM Computing Surveys (CSUR)},
 year = {2018}
}
% 
% @inproceedings{dynaguard:petsios,
%  author = "Petsios, Theofilos and Kemerlis, Vasileios P. and Polychronakis, Michalis and Keromytis, Angelos D.",
%  title = "{DynaGuard: Armoring Canary-based Protections against Brute-force Attacks}",
%  booktitle = {Annual Computer Security Applications Conference (ACSAC)},
%  year = "2015",
% }
% 
% @inproceedings{pblocker:prakash,
%  author = "Prakash, Aravind and Yin, Heng",
%  title = "{Defeating ROP Through Denial of Stack Pivot}",
%  booktitle = {Annual Computer Security Applications Conference (ACSAC)},
%  year = "2015",
% }
% 
 @inproceedings{mohan:opaque,
  author = "Mohan, Vishwath and Larsen, Per and Brunthaler, Stefan and Hamlen, Kevin W. and Franz, Michael",
  title = "{Opaque Control-Flow Integrity}",
  booktitle = {Symposium on Network and Distributed System Security (NDSS)},
  year = "2015",
 }
 
  @inproceedings{perinput:niu,
  author = "Niu, Ben and Tan, Gang",
  title = "{Per-Input Control-Flow Integrity}",
  booktitle = {Proceedings the ACM Conference on Computer and Communications Security (CCS)},
  year = "2015",
 }
% 
% @inproceedings{cfci:zhang,
%  author = "Zhang, Mingwei and Sekar, R.",
%  title = "{Control Flow and Code Integrity for COTS binaries: An Effective Defense Against Real-ROP Attcks}",
%  booktitle = {Annual Computer Security Applications Conference (ACSAC)},
%  year = "2015",
% }
% 
 @inproceedings{ccfir:zhang,
  author = "Zhang, Chao and Wei, Tao and Chen, Zhaofeng and Duan, Lei and Szekeres, Laszlo and McCamant, Stephen and Song, Dawn and Zou, Wei",
  title = "{Practical Control Flow Integrity \& Randomization for Binary Executables}",
  booktitle = {Proceedings of the IEEE Symposium on Security and Privacy (S\&P)},
  year = "2013",
 }
% 
 @inproceedings{cfiguard:yuan,
  author = "Yuan, Pinghai and Zeng, Qingkai and Ding, Xuhua",
  title = "{Hardware-Assisted Fine-Grained Code-Reuse Attack Detection}",
  booktitle = {Proceedings of the International Symposium on Research in Attacks, Intrusions, and Defenses (RAID)},
  year = "2015",
 }
% 
 @inproceedings{ccfi:jose,
  author = "Mashtizadeh, Ali José and Bittau, Andrea and Boneh, Dan and Mazières, David",
  title = "{CCFI: Cryptograhically Enforced Control Flow Integrity}",
  booktitle = {Proceedings of the ACM SIGSAC Conference on Computer and Communications Security (CCS)},
  year = "2015",
 }
% 
% @inproceedings{dep,
%  author = "Microsoft, Changes to Functionality in Microsoft Windows XP Service Pack 2.",
%  note={\url{https://technet.microsoft.com/en-us/library/bb457151.aspx.}}
% }
% 
% @inproceedings{ASLR,
%  author = "PaX Team. Address Space Layout Randomization,",
%  note={\url{https://pax.grsecurity.net/docs/aslr.txt}},
%  year = "2001",
% }
% 
 @inproceedings{ROP,
  author = "Buchanan, E. and Roemer, R. and Shacham, H. and Savage, S.",
  title = "{When Good Instructions Go Bad: Generalizing Return-oriented Programming to RISC}",
  booktitle = {ACM Conference on Computer and Communications Security (CCS)},
  year = "2008",
 }
% 
 @inproceedings{JOP1,
  author = "Bletsch, T. and Jiang, X. and Freeh, V. W. and Liang, Z.",
  title = "{Jump-Oriented Programming: A New Class of Code-Reuse Attack}",
  booktitle = {ACM Symposium on Information, Computer and Communications Security (ASIACCS)},
  year = "2011",
 }

 @inproceedings{shadowstack:overhead,
  author = "Dang, Thurston H.Y. and Maniatis, Petros and Wagner, David",
  title = "{The Performance Cost of Shadow Stacks and Stack Canaries}",
  booktitle = {ACM Symposium on Information, Computer and Communications Security (ASIACCS)},
  year = "2015",
 }
 
  @inproceedings{griffin,
  author = "Ge, Xinyang and Cui, Weidong and Jaeger, Trent",
  title = "{GRIFFIN: Guarding Control Flows Using Intel Processor Trace}",
  booktitle = {Proceedings of the Twenty-Second International Conference on Architectural Support for Programming Languages and Operating Systems (ASPLOS)},
  year = "2017",
 }
 


% 
% @inproceedings{JOP2,
%  author = "Checkoway, S. and Davi, L. and Dmitrienko, A. and Sadeghi, A.-R. and Shacham, H. and Winandy, M.",
%  title = "{Return-oriented Programming Without Returns}",
%  booktitle = {ACM Conference on Computer and Communications Security (CCS)},
%  year = "2010",
% }
% 
% @inproceedings{JOP3,
%  author = "Davi, L. and Dmitrienko, A. and Sadeghi, A.-R. and Winandy, M.",
%  title = "{Return-Oriented Programming without Returns on ARM}",
%  booktitle = {Technical report, Technical Report HGI-TR-2010-002, Ruhr-University Bochum,},
%  year = "2010",
% }
% 
% @inproceedings{rop:carlini,
%  author = "Carlini, Nicholas and Wagner, David",
%  title = "{ROP is still dangerous: Breaking Modern Defenses}",
%  booktitle = {Proceedings of the USENIX conference on Security (USENIX SEC)},
%  year = "2014",
% }
% 
% @inproceedings{kornau:rop,
%  author = "Kornau, T.",
%  title = "{Return-Oriented Programming for the ARM Architecture}",
%  note={\url{http://www.zynamics.com/downloads/kornau-tim--diplomarbeit--rop.pdf}}
%  year = "2009",
% }
% 
% @inproceedings{rop:shacham,
%  author = "Shacham, H.",
%  title = "{The Geometry of Innocent Flesh on the Bone: Return-into-Libc without Function Calls (On the x86)}",
%  booktitle = {ACM Conference on Computer and Communications Security (CCS)},
%  year = "2007",
% }
% 
 @inproceedings{carlini:bending,
  author = "Carlini, Nicolas and Barresi, Antonio and Payer, Mathias and Wagner, David and Gross, Thomas R.",
  title = "{Control-Flow Bending: On the Effectiveness of Control-Flow Integrity}",
  booktitle = {Proceedings of the USENIX conference on Security (USENIX SEC)},
  year = "2015",
 }
% 
% @inproceedings{conti:ccs,
%  author = "Conti, Mauro and Larsen, Per and Crane, Stephen   and Davi, Lucas and Franz, Michael and Negro, Marco and  Liebchen, Christopher and Qunaibit, Mohaned and Sadeghi, Ahmad-Reza ",
%  title = "{Losing Control: On the Effectiveness of Control-Flow Integrity Under Stack Attacks}",
%  booktitle = {(CCS),},
%  year = "2015",
% }
% 
% @inproceedings{skowyra:systemetic,
%  author = "Skowyra, R. and Casteel, K. and Okhravi, H. and Zeldovich, N. and Streilein, W.",
%  title = "{Systematic Analysis of Defenses Against Return-Oriented Programming}",
%  booktitle = {Proceedings of the International Symposium on Research in Attacks, Intrusions, and Defenses (RAID)},
%  year = "2013",
% }
% 
% @inproceedings{goktas:outofcontrol,
%  author = "Göktas, Enes and Athanasopoulos, Elias and Bos, Herbert and Portokalidis, Georgios",
%  title = "{Out Of Control: Overcoming Control-Flow Integrity}",
%  booktitle = {Proceedings of the IEEE Symposium on Security and Privacy (S\&P)},
%  year = "2014",
% }

 @inproceedings{kcocfi,
  author = "Criswell, John and Dautenhahn, Nathan and Adve, Vikram",
  title = "{KCoFI: Complete Control-Flow Integrity for Commodity Operating System Kernels}",
  booktitle = {Proceedings of the IEEE Symposium on Security and Privacy (S\&P)},
  year = "2014",
 }

% 
% @inproceedings{minghua:binary,
%  author = "Wang, Minghua and Yin, Heng and Bhaskar, Abhishek Vasisht and Su, Purui and Feng, Dengguo",
%  title = "{Binary Code Continent: Finer-Grained Control Flow Integrity for Stripped Binaries}",
%  booktitle = {Annual Computer Security Applications Conference (ACSAC)},
%  year = "2015",
% }

 @inproceedings{cflocking,
  author = "Bletsch, Tyler and Jiang, Xuxian and Freeh, Vince",
  title = "{Mitigating code-reuse attacks with control-flow locking}",
  booktitle = {Annual Computer Security Applications Conference (ACSAC)},
  year = "2011",
 }
 
  @inproceedings{cfrestrictor,
  author = "Pewny, Jannik and Holz, Thorsten",
  title = "{Control-flow Restrictor: Compiler-based CFI for iOS}",
  booktitle = {Annual Computer Security Applications Conference (ACSAC)},
  year = "2013",
 }
 
