\RequirePackage{filecontents}
\begin{filecontents}{\literatur.bib}
@IEEEtranBSTCTL{IEEEexample:BSTcontrol,
CTLdash_repeated_names= "no",
}

@inproceedings{mingwei:sekar,
 author = {Zhang, M. and Sekar, R.},
 title = {Control Flow Integrity for COTS Binaries},
 booktitle = {USENIX SEC'13},
 %year = {2013}
} 

@inproceedings{safedispatch:jang,
 author = {Jang, D. and Tatlock, T. and Lerner, S.},
 title = {SafeDispatch: Securing C++ Virtual Calls from Memory Corruption Attacks},
 booktitle = {NDSS'14},
 %year = {2014}
} 

@InProceedings{schuster:coop,
 author = {Schuster, F. and Tendyck, T. and Liebchen, C. and Davi, L. and Sadeghi, A.-R. and Holz, T.},
 title = {Counterfeit Object-Oriented Programming},
 booktitle = {S\&P'15},
 %year = {2015}
} 

@InProceedings{schuster:raid,
 author = {Schuster, F. and Tendyck, T. and Liebchen, C. and Davi, L. and Sadeghi, A.-R. and Holz, T.},
 title = {Evaluating the Effectiveness of Current Anti-ROP Defenses},
 booktitle = {RAID'14},
 %year = {2014}
} 

@InProceedings{gawlik,
 author = {Gawlik, R. and Holz, T.},
 title = {Towards automated integrity protection of C++ virtual function tables in binary programs},
 booktitle = {ACSAC'14},
 %year = {2014}
} 

@InProceedings{payer:dimva,
 author = {Payer, M. and Barresi, A. and R. Gross, T.},
 title = {Fine-Grained Control-Flow Integrity through Binary Hardening},
 booktitle = {DIMVA'15},
 %year = {2015}
} 

@inproceedings{vtv:tice,
 author = {Tice, C. and Roeder, T. and Collingbourne, P. and Checkoway, S. and Erlingsson, {\'U}. and Lozano, L. and Pike, G.},
 title = {Enforcing Forward-Edge Control-Flow Integrity in GCC and LLVM},
 booktitle = {USENIX SEC'14},
 %year = {2014}
} 

@inproceedings{subversive-c:lettner,
 author = {Lettner, J. and Kollenda, B. and Homescu, A. and Larsen, Per and Schuster, F. and
Davi, L. and Sadeghi, A.-R. and Holz, T. and Franz, M.},
 title = {Subversive-C: Abusing and Protecting Dynamic Message Dispatch},
 booktitle = {USENIX ATC'16},
 %year = {2016}
} 

@inproceedings{intel:cet,
 title = {Intel Control-flow Enforcement Technology},
 %year = {2016},
 note = {\url{https://software.intel.com/sites/default/files/managed/4d/2a/control-flow-enforcement-technology-preview.pdf}}
}

@InProceedings{loop:oriented,
 author = {Lan, B. and Li, Y. and Sun, H. and Su, C. and Liu, Y. and Zeng, Q.},
 title = {Loop-Oriented Programming: A New Code Reuse Attack to Bypass Modern Defenses},
 booktitle = {IEEE Trustcom/BigDataSE/ISPA'15},
 %year = {2015}
} 

@InProceedings{hafix:bypass,
 author = {Theodorides, M. and Wagner, D.},
 title = {Breaking Active-Set Backward-Edge CFI},
 booktitle = {HOST'17},
 %year = {2017}
}

@InProceedings{hafix,
 author = {Davi, L. and Hanreich, M. and Paul, D. and Sadeghi, A.-R and Koeberl, P. and Sullivan, D. and Arias, O. and Jin, Y},
 title = {HAFIX: hardware-assisted flow integrity extension},
 booktitle = {DAC'15},
 %year = {2015}
} 

@InProceedings{dang:asiaccs,
 author = {Dang, T. H. Y. and Maniatis, P. and Wagner, D.},
 title = {The Performance Cost of Shadow Stacks and Stack Canaries},
 booktitle = {ASIACCS'15},
 %year = {2015}
}
 
@inproceedings{safestack:bypass,
title = "Bypassing Clang's SafeStack for Fun and Profit",
keywords = "Security, Information hiding",
author = "E. K. Goktas and A. Oikonomopoulos and Robert Gawlik and Benjamin Kollenda and I. Athanasopoulos and C. Giuffrida and G. Portokalidis and H.J. Bos",
%year = "2016",
month = "11",
booktitle = "Black Hat Europe'16",
}

@inproceedings{N4618,
 title = {Working Draft, Standard for ProgrammingLanguage C++ N4618},
 year = {2016},
 note={\url{http://www.open-std.org/jtc1/sc22/wg21/docs/papers/2016/n4618.pdf}}
}

@InProceedings{vci:asiaccs,
 author = {Elsabagh, M. and Fleck, D. and Stavrou, A.},
 title = {Strict Virtual Call Integrity Checking for C ++ Binaries},
 booktitle = {ASIACCS'17},
 %year = {2017}
}

@InProceedings{alias:undecidable,
 author = {Ramalingam, G.},
 title = {The Undecidability of Aliasing},
 booktitle = {TOPLAS'94},
 %year = {1994}
}

@inproceedings{ctf:coop,
 title = {BlueLotus Team, Bctf challenge: bypass vtable read-only checks},
 year = {2015}
 note = {\url{https://github.com/ctfs/write-ups-2015/tree/master/bctf-2015/exploit/zhongguancun}}
}

@inproceedings{windows:cfguard,
 title = {Windows Control Flow Guard},
 note = {\url{http://msdn.microsoft.com/en-us/library/windows/desktop/mt637065(v=vs.85).aspx}},
 year = {2015}
}

@inproceedings{clang:cfi,
 title = {Clang CFI},
 note = {\url{https://clang.llvm.org/docs/ControlFlowIntegrity.html#cfi-strictness}},
 year = {2017}
}

@inproceedings{safestack:bypassing,
 title = {Bypassing clang’s SafeStack for Fun and Profit},
 note = {\url{https://www.blackhat.com/docs/eu-16/materials/eu-16-Goktas-Bypassing-Clangs-SafeStack.pdf}},
 booktitle = {Blackhat Europe'16},
 %year = {2016}
}

@inproceedings{veen:typearmor,
 author = {Veen, V. van der and Goktas, E. and Contag, M. and Pawlowski, A. and Chen, X. and Rawat, S. and
 Bos, H. and Holz, T. and Athanasopoulos, E. and Giuffrida, C.},
 title = {A Tough call: Mitigating Advanced Code-Reuse Attacks At The Binary Level},
 booktitle = {S\&P'16},
 %year = {2016}
} 

@inproceedings{haller:shrinkwrap,
 author = {Haller, I. and Goktas, E. and Athanasopoulos, E. and Portokalidis, G. and Bos, H.},
 title = {ShrinkWrap: VTable Protection Without Loose Ends},
 booktitle = {ACSAC'15},
 %year = {2015}
} 

@inproceedings{vtpin,
 author = {Sarbinowski, P. and Kemerlis, V. P. and Giuffrida, C. and Athanasopoulos, E.},
 title = {VTPin: Practical VTable Hijacking Protection for Binaries},
 booktitle = {ACSAC'16},
 %year = {2016}
} 

@inproceedings{volodymyr:cpi,
 author = {Kuznetsov, V. and Szekeres, L. and Payer, M. and Candea, G. and Sekar, R. and Song, D.},
 title = {Code-Pointer Integrity},
 booktitle = {OSDI'14},
 %year = {2014}
} 

@inproceedings{bounov:interleaving,
 author = {Bounov, D. and Gökhan K., Rami and Lerner, S.},
 title = {Protecting C++ Dynamic Dispatch Through VTable Interleaving},
 booktitle = {NDSS'16},
 %year = {2016}
} 
%@inproceedings{zhang:vtrust,
% author = {Zhang, C. and Carr, S. A. and Li, T. and Ding, Y. and Song, C. and Payer, M. and Song, D.},
% title = {VTrust: Regaining Trust on Virtual Calls},
% booktitle = {NDSS},
% year = {2016}
%}

@inproceedings{crane:readactor++,
 author = {Crane, S. and Volckaert, S. and Schuster, F. and Liebchen, C. and Larsen, P. and Davi, L. and Sadeghi, A.-R. and Holz, T. and De Sutter, B. and Franz, M.},
 title = {It's a TRaP: Table Randomization and Protection against Function-Reuse Attacks},
 booktitle = {CCS'15},
 %year = {2015}
}

@inproceedings{jujutsu,
 author = {Evans, I. and Long, F. and Otgonbaatar, U. and Shrobe, H. and Rinard, M. and Okhravi, H. and Sidiroglou-Douskosr, S.},
 title = {Control Jujutsu: On the Weaknesses of Fine-Grained Control Flow Integrity},
 booktitle = {CCS'15},
 %year = {2015}
}

@inproceedings{caballero:inference,
 author = {Caballero, J. and Lin, Z.},
 title = {Type Inference on Executables},
 booktitle = {CSUR'16},
 %year = {2016}
}

@inproceedings{veen:cfi,
 author = {Veen, V. van der and Andriesse, D. and Göktas, E. and Gras, B. and
 Sambuc, L. and Slowinska, A. and Bos, H. and Giuffrida, C.},
 title = {Practical Context-Sensiticve CFI},
 booktitle = {CCS'15},
 %year = {2015}
}
%@inproceedings{andriesse:indepth,
% author = {Andriesse, D. and Chen, X. and Veen, V. van der and Slowinska, A. and Bos, H.},
% title = {An In-Depth Analysis of Disassembly on Full-Scale x86/x64 Binaries},
% booktitle = {USENIX SEC},
% year = {2016}
%}

@inproceedings{lin:rewards,
 author = {Lin, Z. and Zhang, X. and Xu, D.},
 title = {Automatic Reverse Engineering of Data Structures from Binary Execution},
 booktitle = {NDSS'10},
 %year = {2010}
}

@inproceedings{bap:brumley,
 author = {Brumley, D. and Jager, I. and Avgerinos, T. and Schwartz, E. J.},
 title = {BAP: A Binary Analysis Platform},
 booktitle = {CAV'11},
 %year = {2011}
}

@inproceedings{fokin:smartdec,
 author = {Fokin, A. and Derevenets, Y. and Chernov, A. and Troshina, K.},
 title = {SmartDec: Approaching C++ decompilation},
 booktitle = {WCRE'11},
 %year = {2011}
}

%@inproceedings{divine:balakrishnan,
% author = {Balakrishnan, G. and Reps, T.},
% title = {DIVINE: Discovering Variables in Executables},
% booktitle = {VMCAI},
% year = {2007}
%}
@inproceedings{alan:mycroft,
 author = {Mycroft, A.},
 title = {Lecture Notes},
 note={\url{https://www.cl.cam.ac.uk/~am21/papers/sas07slides.pdf}},
 year = {2007}
}

@inproceedings{bernat:dyninst,
 author = {Bernat, A. R. and Miller, B. P.},
 title = {Anywhere, Any-Time Binary Instrumentation},
 booktitle = {PASTE'11},
 %year = {2011}
}

@inproceedings{dynamorio:drmemory,
 author = {},
 title = {DynamoRIO},
 note={\url{http://dynamorio.org/home.html}}
}
%@inproceedings{iso:iecN3690,
% author = {I. JTC1/SC22WG21},
% title = {ISO/IEC 14882:2013 Programming Language C++ (N3690)},
% year = {2013},
% note={\url{https://isocpp.org/files/papers/N3690.pdf}}
%}

@inproceedings{byoungyoung:typecasting,
 author = {Lee, B. and Song, C. and Kim, T. and Lee, W.},
 title = {Type Casting Verification: Stopping an Emerging Attack Vector},
 booktitle = {USENIX SEC'15},
 %year = {2015}
}

@inproceedings{rockjit:niu,
 author = {Niu, B. and Tan, G.},
 title = {RockJIT: Securing Just-In-Time Compilation Using Modular Control-Flow Inegrity},
 booktitle = {CCS'14},
 %year = {2014}
}

@inproceedings{cfg:sound,
 author = {Tan, G. and Jaeger, T.},
 title = {CFG Construction Soundness in Control-Flow Integrity},
 booktitle = {PLAS'17},
 %year = {2017}
}

@inproceedings{vtint:zhang,
 author = {Zhang, C. and Song, C. and Zhijie, K. Chen and Chen, Z. and Song, D.},
 title = {vTint: Protecting Virtual Function Tables\' Integrity},
 booktitle = {NDSS'15},
 %year = {2015}
}

@inproceedings{abadi:cfi2,
 author = {Abadi, M. and Budiu, M. and Erlingsson, {\'U}. and Ligatti, J.},
 title = {Control Flow Integrity},
 booktitle = {CCS'05},
 %year = {2005}
}

@inproceedings{perinput:niu,
 author = {Niu, B. and Tan, G.},
 title = {Per-Input Control-Flow Integrity},
 booktitle = {CCS'15},
 %year = {2015}
}

@inproceedings{cfi:survey,
 author = {Burow, N., and A. Carr, S., and Nash, J., and Larsen, P., and Franz, M., and Brunthaler, S., and Payer, M.},
 title = {Control-Flow Integrity: Precision, Security, and Performance},
 booktitle = {CSUR'17},
 %year = {2017}
}

@inproceedings{abadi:cfi,
 author = {Abadi, M. and Budiu, M. and Erlingsson, {\'U}. and Ligatti, J.},
 title = {Control Flow Integrity Principles, Implementations, and Applications},
 booktitle = {TISSEC'09},
 %year = {2009}
}

@inproceedings{mcfi:niu,
 author = {Niu, B. and Tan, G.},
 title = {Modular Control-Flow Integrity},
 booktitle = {PLDI'14},
 year = {2014}
}

@inproceedings{vfuard:aravind,
 author = {Prakash, A. and Hu, X. and Yin, H.},
 title = {Strict Protection for Virtual Function Calls in COTS C++ Binaries},
 booktitle = {NDSS'15},
 %year = {2015}
}

@inproceedings{dynaguard:petsios,
 author = {Petsios, T. and Kemerlis, V. P. and Polychronakis, M. and Keromytis, A. D.},
 title = {DynaGuard: Armoring Canary-based Protections against Brute-force Attacks},
 booktitle = {ACSAC'15},
 %year = {2015}
}

@inproceedings{pblocker:prakash,
 author = {Prakash, A. and Yin, H.},
 title = {Defeating ROP Through Denial of Stack Pivot},
 booktitle = {ACSAC'15},
 year = {2015}
}

@inproceedings{mohan:opaque,
 author = {Mohan, V. and Larsen, P. and Brunthaler, S. and Hamlen, K. W. and Franz, M.},
 title = {Opaque Control-Flow Integrity},
 booktitle = {NDSS'15},
 %year = {2015}
}

@inproceedings{cfci:zhang,
 author = {Zhang, M. and Sekar, R.},
 title = {Control Flow and Code Integrity for COTS binaries: An Effective Defense Against Real-ROP Attcks},
 booktitle = {ACSAC'15},
 %year = {2015}
}

@inproceedings{ccfir:zhang,
 author = {Zhang, C. and Wei, T. and Chen, Z. and Duan, L. and Szekeres, L. and McCamant, S. and Song, D. and Zou, W.},
 title = {Practical Control Flow Integrity \& Randomization for Binary Executables},
 booktitle = {S\&P'13},
 %year = {2013}
}

@inproceedings{cfiguard:yuan,
 author = {Yuan, P. and Zeng, Q. and Ding, X.},
 title = {Hardware-Assisted Fine-Grained Code-Reuse Attack Detection},
 booktitle = {RAID'15},
 %year = {2015}
}
%@inproceedings{ccfi:jose,
% author = {Mashtizadeh, A. J. and Bittau, A. and Boneh, D. and Mazières, D.},
% title = {CCFI: Cryptograhically Enforced Control Flow Integrity},
% booktitle = {Proceedings of the ACM SIGSAC Conference on Computer and Communications Security (CCS)},
% year = {2015}
%}

@inproceedings{herley:security,
 author = {Herley, C. and van Oorschot, P. C.},
 title = {Science, Security, and the Elusive Goal of Security as a Scientific Pursuit},
 booktitle = {S\&P'17},
 %year = {2017}
}

@inproceedings{dep,
 author = {},
 title = {Microsoft, Changes to Functionality in Microsoft Windows XP Service Pack 2.},
 note={\url{https://technet.microsoft.com/en-us/library/bb457151.aspx.}}
}

@inproceedings{ASLR,
 author = {PaX Team. Address Space Layout Randomization},
 year = {2001},
 note={\url{https://pax.grsecurity.net/docs/aslr.txt}}
}

@inproceedings{ROP,
 author = {Buchanan, E. and Roemer, R. and Shacham, H. and Savage, S.},
 title = {When Good Instructions Go Bad: Generalizing Return-oriented Programming to RISC},
 booktitle = {CCS'08},
 %year = {2008}
}

@inproceedings{NVD:ACE,
 author = {United States NVD-Reports},
 title = {Over 800 arbitrary code executions reported from Jan.'08 to Oct.'17},
 year = {2017},
 note={\url{https://goo.gl/5uv47n}}
}

@inproceedings{JOP1,
 author = {Bletsch, T. and Jiang, X. and Freeh, V. W. and Liang, Z.},
 title = {Jump-Oriented Programming: A New Class of Code-Reuse Attack},
 booktitle = {ASIACCS'11},
 %year = {2011}
}

@inproceedings{function:boundary,
 author = {Andriesse, D. and Slowinska, A. and Bos, H.},
 title = {Compiler-Agnostic Function Detection in Binaries},
 booktitle = {EuroS\&P'17},
 %year = {2017}
}

@inproceedings{reprod:nist,
 author = {Wayne, J.},
 title = {Directions in Security Metrics Research},
 booktitle = {NISTIR 7564},
 year = {2009},
 note={\url{http://nvlpubs.nist.gov/nistpubs/Legacy/IR/nistir7564.pdf}}
}

@inproceedings{itanium:abi,
 title = {Itanium C++ ABI},
 note={\url{https://mentorembedded.github.io/cxx-abi/abi.html}}
}

@inproceedings{arm:abi,
 title = {C++ ABI for the ARM Architecture},
 year = {2015},
 note={\url{http://infocenter.arm.com/help/topic/com.arm.doc.ihi0041e/IHI0041E cppabi.pdf}}
}

@inproceedings{microsoft:abi,
 author = {Gray, J.},
 title = {C++: Under the Hood},
 year = {1994},
 note={\url{http://www.openrce.org/articles/files/jangrayhood.pdf}}
}

@inproceedings{JOP2,
 author = {Checkoway, S. and Davi, L. and Dmitrienko, A. and Sadeghi, A.-R. and Shacham, H. and Winandy, M.},
 title = {Return-oriented Programming Without Returns},
 booktitle = {CCS'10},
 %year = {2010}
}

@inproceedings{JOP3,
 author = {Davi, L. and Dmitrienko, A. and Sadeghi, A.-R. and Winandy, M.},
 title = {Return-Oriented Programming without Returns on ARM},
 booktitle = {Technical report, Technical Report HGI-TR-2010-002, Ruhr-University Bochum},
 year = {2010}
}

@inproceedings{rop:carlini,
 author = {Carlini, N. and Wagner, D.},
 title = {ROP is still dangerous: Breaking Modern Defenses},
 booktitle = {USENIX SEC'14},
 %year = {2014}
}

@inproceedings{kornau:rop,
 author = {Kornau, T.},
 title = {Return-Oriented Programming for the ARM Architecture},
 year = {2009},
 note={\url{http://www.zynamics.com/downloads/kornau-tim--diplomarbeit--rop.pdf}}
}

@inproceedings{rop:shacham,
 author = {Shacham, H.},
 title = {The Geometry of Innocent Flesh on the Bone: Return-into-Libc without Function Calls (On the x86)},
 booktitle = {CCS'07},
 %year = {2007}
}

@inproceedings{carlini:bending,
 author = {Carlini, N. and Barresi, A. and Payer, M. and Wagner, D. and Gross, T. R.},
 title = {Control-Flow Bending: On the Effectiveness of Control-Flow Integrity},
 booktitle = {USENIX SEC'15},
 %year = {2015}
}

@inproceedings{conti:ccs,
 author = {Conti, M. and Larsen, P. and Crane, S. and Davi, L. and Franz, M. and Negro, M. and  Liebchen, C. and Qunaibit, M. and Sadeghi, A.-R.},
 title = {Losing Control: On the Effectiveness of Control-Flow Integrity Under Stack Attacks},
% booktitle = {Proceedings of the ACM SIGSAC Conference on Computer and Communications Security (CCS)},
 booktitle = {CCS'15},
 %year = {2015}
}

@inproceedings{skowyra:systemetic,
 author = {Skowyra, R. and Casteel, K. and Okhravi, H. and Zeldovich, N. and Streilein, W.},
 title = {Systematic Analysis of Defenses Against Return-Oriented Programming},
 booktitle = {RAID'13},
 %year = {2013}
}

@inproceedings{goktas:outofcontrol,
 author = {Göktas, E. and Athanasopoulos, E. and Bos, H. and Portokalidis, G.},
 title = {Out Of Control: Overcoming Control-Flow Integrity},
 booktitle = {S\&P'14},
 %year = {2014}
}

@inproceedings{minghua:binary,
 author = {Wang, M. and Yin, H. and Bhaskar, A. Vasisht and Su, P. and Feng, D.},
 title = {Binary Code Continent: Finer-Grained Control Flow Integrity for Stripped Binaries},
 booktitle = "USENIX SEC'15",
 %year = {2015}
}

@inproceedings{rfg,
 author = "xLab",
 title="Return Flow Guard",
 note={\url{http://xlab.tencent.com/en/2016/11/02/return-flow-guard/.}},
}

@inproceedings{safestack,
 author = "",
 title="Clang's SafeStack",
 note={\url{https://clang.llvm.org/docs/SafeStack.html.}},
} 

@inproceedings{clang:llvm,
 author = "Clang/LLVM",
 title="",
 note={\url{https://clang.llvm.org/}},
} 

@inproceedings{intel:cet,
 author = "Intel",
 title="Intel CET",
 note={\url{https://software.intel.com/en-us/blogs/2016/06/09/intel-release-new-technology-specifications-protect-rop-attacks.}},
} 

@inproceedings{windows:cfguard,
 author = "Microsoft",
 title = "Windows CFGuard",
 note={\url{https://msdn.microsoft.com/de-de/library/windows/desktop/mt637065(v=vs.85).aspx.}},
} 

@inproceedings{intelpt,
 author = "Intel",
 title = "Intel Processor Trace",
 note={\url{https://software.intel.com/en-us/blogs/2013/09/18/processor-tracing}},
} 

@inproceedings{itanium:abi,
 title = {Itanium C++ ABI},
 note={\url{https://mentorembedded.github.io/cxx-abi/abi.html}}
}

@inproceedings{arm:abi,
 title = {C++ ABI for the ARM Architecture},
 year = {2015},
 note={\url{http://infocenter.arm.com/help/topic/com.arm.doc.ihi0041e/IHI0041E cppabi.pdf}}
}

@inproceedings{microsoft:abi,
 author = "J. Gray",
 title = "C++: Under the Hood",
 year = {1994},
 note={\url{http://www.openrce.org/articles/files/jangrayhood.pdf}}
}
% 
 @BOOK{khedker2009data,
 AUTHOR="Khedker, U. and Sanyal, A. and Sathe, B.",
 TITLE="{Data flow analysis: Theory and Practice}",
 PUBLISHER="CRC Press'09",
 %YEAR="2009",
 }
% 
 @inproceedings{safedispatch:jang,
  author = "Jang, D. and Tatlock, T. and Lerner, S.",
  title = "{SafeDispatch: Securing C++ Virtual Calls from Memory Corruption Attacks}",
  booktitle = "NDSS'14",
  %year = "2014",
 } 
% 
% @InProceedings{schuster:coop,
%  author = "Schuster, Felix and Tendyck, Thomas and Liebchen, Christopher and Davi, Lucas and Sadeghi, Ahmad-Reza and Holz, Thorsten",
%  title = "{Counterfeit Object-Oriented Programming}",
%  booktitle = "Proceedings of the IEEE Symposium on Security and Privacy (S\&P)",
%  year = "2015",
% } 
% @InProceedings{hypersafe,
%  author = "Wang, Zhi and Jiang, Xuxian",
%  title = "{HyperSafe: A Lightweight Approach to Provide Lifetime Hypervisor Control-Flow}",
%  booktitle = "Proceedings of the IEEE Symposium on Security and Privacy (S\&P)",
%  year = "2010",
% } 
 
@InProceedings{kernelcfi,
  author = "Ge, X. and Talele, N. and Payer, M. and Jaeger, T.",
  title = "{Fine-Grained Control-Flow Integrity for Kernel Software}",
  booktitle = "Euro S\&P'16",
  %year = "2016",
 } 
 
@InProceedings{payer:dimva,
  author = "Payer, Mathias and Barresi, Antonio and R. Gross, Thomas",
  title = "{Fine-Grained Control-Flow Integrity through Binary Hardening}",
  booktitle = "DIMVA'15",
  %year = "2015",
 } 
% 
% 
% @inproceedings{vtv:tice,
%  author = {Tice, Caroline and Roeder, Tom and Collingbourne, Peter and Checkoway, Stephen and Erlingsson, {\'U}lfar and Lozano, Luis and Pike, Geoff},
%  title = {{Enforcing Forward-Edge Control-Flow Integrity in GCC and LLVM}},
%  booktitle = {Proceedings of the USENIX conference on Security (USENIX SEC)},
%  year = "2014",
% } 
% 
% @inproceedings{subversive-c:lettner,
%  author = "Lettner, Julian and Kollenda, Benjamin and Homescu, Andrei and Larsen, Per and Schuster, Felix and
% Davi, Lucas and Sadeghi, Ahmad-Reza and Holz, Thorsten and Franz, Michael",
%  title = "{Subversive-C: Abusing and Protecting Dynamic Message Dispatch}",
%  booktitle = {USENIX Annual Technical Conference (USENIX ATC)},
%  year = "2016",
% } 
% 
% @inproceedings{intel:cet,
%  title = "{Intel Control-flow Enforcement Technology (CET)}",
%  year = "2016",
%  note={\url{http://blogs.intel.com/evangelists/2016/06/09/intel-release-new-technology-specifications-protect-rop-attacks/}}
% }
% 
% @InProceedings{loop:oriented,
%  author = "Lan, Bingchen and Li, Yan and Sun, Hao and Su, Chao and Liu, Yao and Zeng, Qingkai",
%  title = "{Loop-Oriented Programming: A New Code Reuse Attack to Bypass Modern Defenses}",
%  booktitle = {IEEE Trustcom/BigDataSE/ISPA},
%  year = "2015",
% } 
% 
% @InProceedings{zhang:usenix,
%  author = "Zhang, Mingwei and Sekar, R.",
%  title = "{Control Flow Integrity for COTS Binaries}",
%  booktitle = {(USENIX SEC)},
%  year = "2013",
% } 
% 
% @InProceedings{dang:asiaccs,
%  author = "Dang, Thurston H. Y. and Maniatis, Petros and Wagner, David",
%  title = "{The Performance Cost of Shadow Stacks and Stack Canaries}",
%  booktitle = {(ASIACCS)},
%  year = "2015",
% }
% 
% @inproceedings{N4618,
%  title = "{2016 Working Draft, Standard for ProgrammingLanguage C++ N4618,}",
%  year = "2016",
%  note={\url{http://www.open-std.org/jtc1/sc22/wg21/docs/papers/2016/n4618.pdf}}
% }
% 
% @InProceedings{vci:asiaccs,
%  author = "Elsabagh, Mohamed and Dan, Fleck and Stavrou, Angelos",
%  title = "{Strict Virtual Call Integrity Checking for C ++ Binaries}",
%  booktitle = {(ASIACCS),},
%  year = "2017",
% }
% 
 @InProceedings{alias:undecidable,
  author = "Ramalingam, G.",
  title = "{The Undecidability of Aliasing}",
  booktitle = {TOPLAS'94},
  %year = "1994",
 }
 
 @InProceedings{hafix:bypass,
 author = {Theodorides, Michael and Wagner, David},
 title = {Breaking Active-Set Backward-Edge CFI},
 booktitle = {HOST'17},
 %year = {2017}
}
% 
% @inproceedings{ctf:coop,
%  title = "{BlueLotus Team, Bctf challenge: bypass vtable read-only checks}",
%  note={\url{https://github.com/ctfs/write-ups-2015/tree/master/bctf-2015/exploit/zhongguancun}}
%  year = "2015",
% }
% 
% @inproceedings{windows:cfguard,
%  title = "{Windows Control Flow Guard}",
%  note={\url{http://msdn.microsoft.com/en-us/library/windows/desktop/mt637065(v=vs.85).aspx}}
%  year = "2015",
% }

@inproceedings{apache:mesos,
  title = "{Apache Mesos}",
  note={\url{https://projects.apache.org/project.html?mesos}}
  year = "2017",
 }

@inproceedings{apache:penoffice,
  title = "{Apache Open Office}",
  note={\url{https://projects.apache.org/project.html?openoffice}}
  year = "2017",
 }
 
@inproceedings{apache:traficserver,
  title = "{Apache Traffic Server}",
  note={\url{https://projects.apache.org/project.html?trafficserver-traffic_server}}
  year = "2017",
 }

@inproceedings{apache:xalan,
  title = "{Apache Xalan for C++ XSLT Processor}",
  note={\url{https://projects.apache.org/project.html?xalan-for_c++_xslt_processor}}
  year = "2017",
 }
 
@inproceedings{mysql,
  title = "{MySQL}",
  note={\url{https://www.mysql.com/}}
  year = "2017",
 }

@inproceedings{nodejs,
  title = "{NodeJS}",
  note={\url{https://nodejs.org/en/}}
  year = "2017",
 }
% 
% @inproceedings{veen:typearmor,
%  author = "Veen, Victor van der and Goktas, Enes and Contag, Moritz and Pawlowski, Andre and Chen, Xi and Rawat, Sanjay and
%  Bos, Herbert and Holz, Thorsten and Athanasopoulos, Elias and Giuffrida, Cristiano",
%  title = "{A Tough call: Mitigating Advanced Code-Reuse Attacks At The Binary Level}",
%  booktitle = {Proceedings of the IEEE Symposium on Security and Privacy (S\&P)},
%  year = "2016",
% } 
% 
@inproceedings{haller:shrinkwrap,
  author = "Haller, Istvan and Goktas, Enes and Athanasopoulos, Elias and Portokalidis, G. and Bos, Herbert",
  title = "{ShrinkWrap: VTable Protection Without Loose Ends}",
  booktitle = {ACSAC'15},
  %year = "2015",
 } 
% 
@inproceedings{volodymyr:cpi,
  author = "Kuznetsov, Volodymyr and Szekeres, László and Payer, Mathias and Candea, George and Sekar, R. and Song, Dawn",
  title = "{Code-Pointer Integrity}",
  booktitle = {OSDI'14},
  %year = "2014",
 } 
 
@inproceedings{bounov:interleaving,
  author = "Bounov, Dimitar and Gökhan Kici, Rami and Lerner, Sorin",
  title = "{Protecting C++ Dynamic Dispatch Through VTable Interleaving}",
  booktitle = {NDSS1'6},
  %year = "2016",
 } 
 
@inproceedings{safestack:bypass,
title = "Bypassing Clang's SafeStack for Fun and Profit",
keywords = "Security, Information hiding",
author = "Goktas, Enes K. and Oikonomopoulos, Angelos and Gawlik, Robert and Kollenda, Benjamin and Athanasopoulos, Elias and Giuffrida, Cristiano and Portokalidis, Georgios and Bos, Herbert J.",
year = "2016",
month = "11",
booktitle = "Black Hat Europe",
}
% 
% @inproceedings{zhang:vtrust,
%  author = "Zhang, Chao and Carr, Scott A. and Li, Tongxin and Ding, Yu and Song, Chengyu and Payer, Mathias and Song, Dawn",
%  title = "{VTrust: Regaining Trust on Virtual Calls}",
%  booktitle = {NDSS},
%  year = "2016",
% }
% 
% @inproceedings{crane:readactor++,
%  author = "Crane, Stephen and Volckaert, Stijn and Schuster, Felix and Liebchen, Christopher and Larsen, Per and
%  Davi, Lucas and Sadeghi, Ahmad-Reza and Holz, Thorsten and De Sutter, Bjorn and Franz, Michael",
%  title = "{It’s a TRaP: Table Randomization and Protection against Function-Reuse Attacks}",
%  booktitle = {Proceedings of the ACM SIGSAC Conference on Computer and Communications Security (CCS)},
%  year = "2015",
% }
% 
% @inproceedings{caballero:inference,
%  author = "Caballero, Juan and Lin, Zhiqiang",
%  title = "{Type Inference on Executables}",
%  booktitle = {ACM Computing Surveys (CSUR)},
%  year = "2016",
% }
% 
 @inproceedings{veen:cfi,
  author = "Veen, Victor van der and Andriesse, Dennis and Göktas, Enes and Gras, Ben and
  Sambuc, Lionel and Slowinska, Asia and Bos, Herbert and Giuffrida, Cristiano",
  title = "{Practical Context-Sensiticve CFI}",
  booktitle = {CCS'15},
  %year = "2015",
 }
% 
% @inproceedings{andriesse:indepth,
%  author = "Andriesse, D. and Chen, X. and Veen, V. van der and Slowinska, A. and Bos, H.",
%  title = "{An In-Depth Analysis of Disassembly on Full-Scale x86/x64 Binaries}",
%  booktitle = {Proceedings of the USENIX Conference on Security (USENIX SEC)},
%  year = "2016",
% }
% 
% @inproceedings{lin:rewards,
%  author = "Lin, Zhiqiang and Zhang, Xiangyu and Xu, Dongyan",
%  title = "{Automatic Reverse Engineering of Data Structures from Binary Execution}",
%  booktitle = {Symposium on Network and Distributed System Security (NDSS)},
%  year = "2010",
% }

@inproceedings{hafix,
  author = "Arias, Orlando and Davi, Lucas and Hanreich, Matthias and Jin, Yier and Koeberl, Patrick and Paul, Debayan and Sadeghi, Ahmad-Reza and Sullivan, Dean",
  title = "{HAFIX: Hardware-Assisted Flow Integrity Extension}",
  booktitle = {DAC'15},
  %year = "2015",
 }
 
@inproceedings{hafix:broken,
  author = "Theodorides, Michael and Wagner, David",
  title = "{Breaking Active-Set Backward-Edge CFI}",
  booktitle = {HOST'17},
  %year = "2017",
 }
 
@inproceedings{mocfi,
  author = "Lucas, D. and Dmitrienko, A. and Egele, M. and Fischer, T. and Holz, T. and Hund, R. and Nurnberger, S. and Sadeghi, A.-R.",
  title = "{MoCFI: A Framework to Mitigate Control-Flow Attacks on Smartphones}",
  booktitle = {NDSS'12},
  %year = "2012",
 }
 
 @inproceedings{marx,
 author = {Pawlowski, A. and Contag, M. and van der Veen, V. and Ouwehand, C. and Holz, T. and Bos, H. and Athanasopoulos, E. and Giuffrida, C.},
 title = {MARX:Uncovering Class Hierarchies in C++ Programs},
 booktitle = {NDSS'17},
 %year = {2017}
}
% @inproceedings{ropecker,
% author = {Cheng, Yueqiang and Zhou, Zongwei and Miao, Yu and Ding, Xuhua and Deng, Robert Huijie},
% title = {ROPecker: A Generic and Practical Approach For Defending Against ROP Attacks},
% booktitle = {Symposium on Network and Distributed System Security (NDSS)},
% year = {2014}
%}

 @inproceedings{davi:hardware,
 author = {Davi, Lucas and Koeberl, Patrick and Sadeghi, Ahmad-Reza},
 title = {Hardware-Assisted Fine-Grained Control-Flow Integrity: Towards Efficient Protection of Embedded Systems Against Software Exploitation},
 booktitle = {DAC'14},
 %year = {2014}
}

 @inproceedings{kbouncer,
 author = {Pappas, V. and Polychronakis, M. and Keromytis, A. D.},
 title = {Transparent ROP Exploit Mitigation Using Indirect Branch Tracing},
 booktitle = {USENIX SEC'13},
 %year = "2013",
}
 
% @inproceedings{bap:brumley,
%  author = "Brumley, David and Jager, Ivan and Avgerinos, Thanassis and Schwartz, Edward J.",
%  title = "{BAP: A Binary Analysis Platform}",
%  booktitle = {Proceedings of Computer AidedVTint: Protecting Virtual Function Tab Verification (CAV)},
%  year = "2011",
% }
% 
% @inproceedings{fokin:smartdec,
%  author = "Fokin, Alexander and Derevenets, Yegor and Chernov, Alexander and Troshina, Katerina",
%  title = "{SmartDec: Approaching C++ decompilation}",
%  booktitle = {Working Conference on Reverse Engineering (WCRE)},
%  year = "2011",
% }
% 
% @inproceedings{divine:balakrishnan,
%  author = "Balakrishnan, G. and Reps, T.",
%  title = "{DIVINE: Discovering Variables in Executables}",
%  booktitle = {International Conference on Verification, Model Checking, and Abstract Interpretation (VMCAI)},
%  year = "2007",
% }
% 
% @inproceedings{alan:mycroft,
%  author = "Mycroft, Alan",
%  title = "{Lecture Notes}",
%  note={\url{https://www.cl.cam.ac.uk/~am21/papers/sas07slides.pdf}}
%  year = "2007",
% }
% 
% @inproceedings{bernat:dyninst,
%  author = "Bernat, Andrew R. and Miller, Barton P.",
%  title = "{Anywhere, Any-Time Binary Instrumentation}",
%  booktitle = {Proceedings of the 10th ACM SIGPLAN-SIGSOFT workshop on Program analysis for software tools, (PASTE)},
%  year = "2011",
% }
% 
% @inproceedings{dynamorio:drmemory,
%  author = "",
%  title = "{DynamoRIO}",
%  note={\url{http://dynamorio.org/home.html}}
% }
% 
% @inproceedings{iso:iecN3690,
%  author = "I. JTC1/SC22WG21",
%  title = "{ISO/IEC 14882:2013 Programming Language C++ (N3690)}",
%  note={\url{https://isocpp.org/files/papers/N3690.pdf}},
%  year = "2013",
% }
% 
% @inproceedings{byoungyoung:typecasting,
%  author = "Lee, Byoungyoung and Song, Chengyu and Kim, Taesoo and Lee, Wenke",
%  title = "{Type Casting Verification: Stopping an Emerging Attack Vector}",
%  booktitle = {Proceedings of the USENIX Conference on Security (USENIX SEC)},
%  year = "2015",
% }
% 
 @inproceedings{abadi:cfi2,
  author = "Abadi, Martin and Budiu, Mihai and Erlingsson, {\'U}lfar and Ligatti, Jay",
  title = "{Control Flow Integrity}",
  booktitle = {CCS'05},
  %year = "2005",
}

% @inproceedings{mip,
%  author = "Niu, Ben and Tan, Gang",
%  title = "{Monitor integrity protection with space efficiency and separate compilation}",
%  booktitle = {Proceedings of the 12th ACM Conference on Computer and Communications Security (CCS)},
%  year = "2013",
%}
%@inproceedings{mcfi:niu,
% author = {Niu, Ben and Tan, Gang},
% title = "{Modular Control-Flow Integrity}",
% booktitle = {ACM Conference on Programming Language Design and Implementation (PLDI)},
% year = {2014}
%}
% 
% @inproceedings{abadi:cfi,
%  author = "Abadi, Martin and Budiu, Mihai and Erlingsson, {\'U}lfar and Ligatti, Jay",
%  title = "{Control Flow Integrity Principles, Implementations, and Applications}",
%  booktitle = {ACM Transactions on Information and System Security (TISSEC)},
%  year = "2009",
% }
% 
% @inproceedings{mcfi:niu,
%  author = "Niu, Ben and Tan, Gang",
%  title = "{Modular Control-Flow VTint: Protecting Virtual Function TabIntegrity}",
%  booktitle = {ACM Conference on Programming Language Design and Implementation (PLDI)},
%  year = "2014",
% }
% 
% @inproceedings{rockjit:niu,
%  author = "Niu, Ben and Tan, Gang",
%  title = "{RockJIT: Securing Just-In-Time Compilation Using Modular Control-Flow Inegrity}",
%  booktitle = {Proceedings of the ACM Conference on Computer and Communications Security (CCS)},
%  year = "2014",
% }
% 
% @inproceedings{vtint:zhang,
%  author = "Zhang, Chao and Song, Chengyu and Zhijie, Kevin Chen and Chen, Zhaofeng and Song, Dawn",
%  title = "{VTint: Protecting Virtual Function Tables\' Integrity}",
%  booktitle = {Proceedings of the Symposium on Network and Distributed System Security (NDSS)},
%  year = "2015",
% }
% 
 @inproceedings{vfuard:aravind,
  author = "Prakash, Aravind and Hu, Xunchao and Yin, Heng",
  title = "{Strict Protection for Virtual Function Calls in COTS C++ Binaries}",
  booktitle = {NDSS'15},
  %year = "2015",
 }
% 
% @inproceedings{dynaguard:petsios,
%  author = "Petsios, Theofilos and Kemerlis, Vasileios P. and Polychronakis, Michalis and Keromytis, Angelos D.",
%  title = "{DynaGuard: Armoring Canary-based Protections against Brute-force Attacks}",
%  booktitle = {Annual Computer Security Applications Conference (ACSAC)},
%  year = "2015",
% }
% 
% @inproceedings{pblocker:prakash,
%  author = "Prakash, Aravind and Yin, Heng",
%  title = "{Defeating ROP Through Denial of Stack Pivot}",
%  booktitle = {Annual Computer Security Applications Conference (ACSAC)},
%  year = "2015",
% }
% 
 @inproceedings{mohan:opaque,
  author = "Mohan, Vishwath and Larsen, Per and Brunthaler, Stefan and Hamlen, Kevin W. and Franz, Michael",
  title = "{Opaque Control-Flow Integrity}",
  booktitle = {NDSS'15},
  %year = "2015",
 }
 
%  @inproceedings{perinput:niu,
%  author = "Niu, Ben and Tan, Gang",
%  title = "{Per-Input Control-Flow Integrity}",
%  booktitle = {Proceedings the ACM Conference on Computer and Communications Security (CCS)},
%  year = "2015",
% }
% 
% @inproceedings{cfci:zhang,
%  author = "Zhang, Mingwei and Sekar, R.",
%  title = "{Control Flow and Code Integrity for COTS binaries: An Effective Defense Against Real-ROP Attcks}",
%  booktitle = {Annual Computer Security Applications Conference (ACSAC)},
%  year = "2015",
% }
% 
 @inproceedings{ccfir:zhang,
  author = "Zhang, Chao and Wei, Tao and Chen, Zhaofeng and Duan, Lei and Szekeres, Laszlo and McCamant, Stephen and Song, Dawn and Zou, Wei",
  title = "{Practical Control Flow Integrity \& Randomization for Binary Executables}",
  booktitle = {S\&P'13},
  %year = "2013",
 }
% 
% @inproceedings{cfiguard:yuan,
%  author = "Yuan, Pinghai and Zeng, Qingkai and Ding, Xuhua",
%  title = "{Hardware-Assisted Fine-Grained Code-Reuse Attack Detection}",
%  booktitle = {Proceedings of the International Symposium on Research in Attacks, Intrusions, and Defenses (RAID)},
%  year = "2015",
% }
% 
 @inproceedings{ccfi:jose,
  author = "Mashtizadeh, Ali José and Bittau, Andrea and Boneh, Dan and Mazières, David",
  title = "{CCFI: Cryptograhically Enforced Control Flow Integrity}",
  booktitle = {CCS'15},
  %year = "2015",
 }
% 
% @inproceedings{dep,
%  author = "Microsoft, Changes to Functionality in Microsoft Windows XP Service Pack 2.",
%  note={\url{https://technet.microsoft.com/en-us/library/bb457151.aspx.}}
% }
% 
% @inproceedings{ASLR,
%  author = "PaX Team. Address Space Layout Randomization,",
%  note={\url{https://pax.grsecurity.net/docs/aslr.txt}},
%  year = "2001",
% }
% 
 @inproceedings{ROP,
  author = "Buchanan, E. and Roemer, R. and Shacham, H. and Savage, S.",
  title = "{When Good Instructions Go Bad: Generalizing Return-oriented Programming to RISC}",
  booktitle = {CCS'08},
  %year = "2008",
 }
% 
 @inproceedings{JOP1,
  author = "Bletsch, T. and Jiang, X. and Freeh, V. W. and Liang, Z.",
  title = "{Jump-Oriented Programming: A New Class of Code-Reuse Attack}",
  booktitle = {ASIACCS'11},
  %year = "2011",
 }

 @inproceedings{shadowstack:overhead,
  author = "Dang, T. H. Y. and Maniatis, Petros and Wagner, David",
  title = "{The Performance Cost of Shadow Stacks and Stack Canaries}",
  booktitle = {ASIACCS'15},
  %year = "2015",
 }
 
  @inproceedings{griffin,
  author = "Ge, Xinyang and Cui, Weidong and Jaeger, Trent",
  title = "{GRIFFIN: Guarding Control Flows Using Intel Processor Trace}",
  booktitle = {ASPLOS'17},
  %year = "2017",
 }
% 
% @inproceedings{JOP2,
%  author = "Checkoway, S. and Davi, L. and Dmitrienko, A. and Sadeghi, A.-R. and Shacham, H. and Winandy, M.",
%  title = "{Return-oriented Programming Without Returns}",
%  booktitle = {ACM Conference on Computer and Communications Security (CCS)},
%  year = "2010",
% }
% 
% @inproceedings{JOP3,
%  author = "Davi, L. and Dmitrienko, A. and Sadeghi, A.-R. and Winandy, M.",
%  title = "{Return-Oriented Programming without Returns on ARM}",
%  booktitle = {Technical report, Technical Report HGI-TR-2010-002, Ruhr-University Bochum,},
%  year = "2010",
% }
% 
% @inproceedings{rop:carlini,
%  author = "Carlini, Nicholas and Wagner, David",
%  title = "{ROP is still dangerous: Breaking Modern Defenses}",
%  booktitle = {Proceedings of the USENIX conference on Security (USENIX SEC)},
%  year = "2014",
% }
% 
% @inproceedings{kornau:rop,
%  author = "Kornau, T.",
%  title = "{Return-Oriented Programming for the ARM Architecture}",
%  note={\url{http://www.zynamics.com/downloads/kornau-tim--diplomarbeit--rop.pdf}}
%  year = "2009",
% }
% 
% @inproceedings{rop:shacham,
%  author = "Shacham, H.",
%  title = "{The Geometry of Innocent Flesh on the Bone: Return-into-Libc without Function Calls (On the x86)}",
%  booktitle = {ACM Conference on Computer and Communications Security (CCS)},
%  year = "2007",
% }
% 
 @inproceedings{carlini:bending,
  author = "Carlini, Nicolas and Barresi, Antonio and Payer, Mathias and Wagner, David and Gross, Thomas R.",
  title = "{Control-Flow Bending: On the Effectiveness of Control-Flow Integrity}",
  booktitle = {USENIX SEC'15},
  %year = "2015",
 }
% 
% @inproceedings{conti:ccs,
%  author = "Conti, Mauro and Larsen, Per and Crane, Stephen   and Davi, Lucas and Franz, Michael and Negro, Marco and  Liebchen, Christopher and Qunaibit, Mohaned and Sadeghi, Ahmad-Reza ",
%  title = "{Losing Control: On the Effectiveness of Control-Flow Integrity Under Stack Attacks}",
%  booktitle = {(CCS),},
%  year = "2015",
% }
% 
% @inproceedings{skowyra:systemetic,
%  author = "Skowyra, R. and Casteel, K. and Okhravi, H. and Zeldovich, N. and Streilein, W.",
%  title = "{Systematic Analysis of Defenses Against Return-Oriented Programming}",
%  booktitle = {Proceedings of the International Symposium on Research in Attacks, Intrusions, and Defenses (RAID)},
%  year = "2013",
% }
% 
% @inproceedings{goktas:outofcontrol,
%  author = "Göktas, Enes and Athanasopoulos, Elias and Bos, Herbert and Portokalidis, Georgios",
%  title = "{Out Of Control: Overcoming Control-Flow Integrity}",
%  booktitle = {Proceedings of the IEEE Symposium on Security and Privacy (S\&P)},
%  year = "2014",
% }
% @inproceedings{kcocfi,
%  author = "Criswell, John and Dautenhahn, Nathan and Adve, Vikram",
%  title = "{KCoFI: Complete Control-Flow Integrity for Commodity Operating System Kernels}",
%  booktitle = {Proceedings of the IEEE Symposium on Security and Privacy (S\&P)},
%  year = "2014",
% }
% 
% @inproceedings{minghua:binary,
%  author = "Wang, Minghua and Yin, Heng and Bhaskar, Abhishek Vasisht and Su, Purui and Feng, Dengguo",
%  title = "{Binary Code Continent: Finer-Grained Control Flow Integrity for Stripped Binaries}",
%  booktitle = {Annual Computer Security Applications Conference (ACSAC)},
%  year = "2015",
% }
% @inproceedings{cflocking,
%  author = "Bletsch, Tyler and Jiang, Xuxian and Freeh, Vince",
%  title = "{Mitigating code-reuse attacks with control-flow locking}",
%  booktitle = {Annual Computer Security Applications Conference (ACSAC)},
%  year = "2011",
% }
 
  @inproceedings{cfrestrictor,
  author = "Pewny, Jannik and Holz, Thorsten",
  title = "{Control-flow Restrictor: Compiler-based CFI for iOS}",
  booktitle = {ACSAC'13},
  %year = "2013",
 }
