@BOOK{khedker2009data,
AUTHOR={Khedker, Uday and Sanyal, Amitabha and Sathe, Bageshri},
TITLE={Data flow analysis: Theory and Practice},
PUBLISHER={CRC Press},
YEAR="2009"
}

@inproceedings{mingwei:sekar,
 author = {Zhang, M. and Sekar, R.},
 title = {Control Flow Integrity for COTS Binaries},
 booktitle = {Proceedings of the USENIX conference on Security (USENIX SEC)},
 year = {2013}
} 

@inproceedings{safedispatch:jang,
 author = {Jang, D. and Tatlock, T. and Lerner, S.},
 title = {SafeDispatch: Securing C++ Virtual Calls from Memory Corruption Attacks},
 booktitle = {Symposium on Network and Distributed System Security (NDSS)},
 year = {2014}
} 

@InProceedings{schuster:coop,
 author = {Schuster, Felix and Tendyck, Thomas and Liebchen, Christopher and Davi, Lucas and Sadeghi, Ahmad-Reza and Holz, Thorsten},
 title = {Counterfeit Object-Oriented Programming},
 booktitle = {Proceedings of the IEEE Symposium on Security and Privacy (S\&P)},
 year = {2015}
} 

@InProceedings{gawlik,
 author = {Gawlik, Robert and Holz, Thorsten},
 title = {Towards automated integrity protection of C++ virtual function tables in binary programs},
 booktitle = {Annual Computer Security Applications Conference (ACSAC)},
 year = {2014}
} 

@InProceedings{payer:dimva,
 author = {Payer, Mathias and Barresi, Antonio and R. Gross, Thomas},
 title = {Fine-Grained Control-Flow Integrity through Binary Hardening},
 booktitle = "DIMVA",
 year = {2015}
} 

@inproceedings{vtv:tice,
 author = {Tice, Caroline and Roeder, Tom and Collingbourne, Peter and Checkoway, Stephen and Erlingsson, {\'U}lfar and Lozano, Luis and Pike, Geoff},
 title = {Enforcing Forward-Edge Control-Flow Integrity in GCC and LLVM},
 booktitle = {Proceedings of the USENIX conference on Security (USENIX SEC)},
 year = {2014}
} 

@inproceedings{subversive-c:lettner,
 author = {Lettner, Julian and Kollenda, Benjamin and Homescu, Andrei and Larsen, Per and Schuster, Felix and
Davi, Lucas and Sadeghi, Ahmad-Reza and Holz, Thorsten and Franz, Michael},
 title = {Subversive-C: Abusing and Protecting Dynamic Message Dispatch},
 booktitle = {USENIX Annual Technical Conference (USENIX ATC)},
 year = {2016}
} 

@inproceedings{intel:cet,
 title = {Intel Control-flow Enforcement Technology},
 year = {2016},
 note = {\url{https://software.intel.com/sites/default/files/managed/4d/2a/control-flow-enforcement-technology-preview.pdf}}
}

@InProceedings{loop:oriented,
 author = {Lan, Bingchen and Li, Yan and Sun, Hao and Su, Chao and Liu, Yao and Zeng, Qingkai},
 title = {Loop-Oriented Programming: A New Code Reuse Attack to Bypass Modern Defenses},
 booktitle = {IEEE Trustcom/BigDataSE/ISPA},
 year = {2015}
} 

@InProceedings{zhang:usenix,
 author = {Zhang, Mingwei and Sekar, R.},
 title = {Control Flow Integrity for COTS Binaries},
 booktitle = {Proceedings of the USENIX conference on Security (USENIX SEC)},
 year = {2013}
} 

@InProceedings{dang:asiaccs,
 author = {Dang, Thurston HY and Maniatis, Petros and Wagner, David},
 title = {The Performance Cost of Shadow Stacks and Stack Canaries},
 booktitle = {ACM Asia Conference on Computer and Communications Security (ASIACCS)},
 year = {2015}
}

@inproceedings{N4618,
 title = {Working Draft, Standard for ProgrammingLanguage C++ N4618},
 year = {2016},
 note={\url{http://www.open-std.org/jtc1/sc22/wg21/docs/papers/2016/n4618.pdf}}
}

@InProceedings{vci:asiaccs,
 author = {Elsabagh, Mohamed and Fleck, Dan and Stavrou, Angelos},
 title = {Strict Virtual Call Integrity Checking for C ++ Binaries},
 booktitle = {ACM Asia Conference on Computer and Communications Security (ASIACCS)},
 year = {2017}
}

@InProceedings{alias:undecidable,
 author = {Ramalingam, G.},
 title = {The Undecidability of Aliasing},
 booktitle = {ACM Transactions on Programming Languages and Systems (TOPLAS)},
 year = {1994}
}

@inproceedings{ctf:coop,
 title = {BlueLotus Team, Bctf challenge: bypass vtable read-only checks},
 year = {2015}
 note = {\url{https://github.com/ctfs/write-ups-2015/tree/master/bctf-2015/exploit/zhongguancun}}
}

@inproceedings{windows:cfguard,
 title = {Windows Control Flow Guard},
 url={http://msdn.microsoft.com/en-us/library/windows/desktop/mt637065(v=vs.85).aspx},
 year = {2015}
}

@inproceedings{veen:typearmor,
 author = {Veen, Victor van der and Goktas, Enes and Contag, Moritz and Pawlowski, Andre and Chen, Xi and Rawat, Sanjay and
 Bos, Herbert and Holz, Thorsten and Athanasopoulos, Elias and Giuffrida, Cristiano},
 title = {A Tough call: Mitigating Advanced Code-Reuse Attacks At The Binary Level},
 booktitle = {Proceedings of the IEEE Symposium on Security and Privacy (S\&P),},
 year = {2016}
} 

@inproceedings{haller:shrinkwrap,
 author = {Haller, Istvan and Goktas, Enes and Athanasopoulos, Elias and Portokalidis, G. and Bos, Herbert},
 title = {ShrinkWrap: VTable Protection Without Loose Ends},
 booktitle = {Annual Computer Security Applications Conference (ACSAC)},
 year = {2015}
} 

@inproceedings{volodymyr:cpi,
 author = {Kuznetsov, Volodymyr and Szekeres, László and Payer, Mathias and Candea, George and Sekar, R. and Song, Dawn},
 title = {Code-Pointer Integrity},
 booktitle = {Proceedings of the USENIX Symposium on Operating Systems Design and Implementation (OSDI)},
 year = {2014}
} 

@inproceedings{bounov:interleaving,
 author = {Bounov, Dimitar and Gökhan Kici, Rami and Lerner, Sorin},
 title = {Protecting C++ Dynamic Dispatch Through VTable Interleaving},
 booktitle = {Symposium on Network and Distributed System Security (NDSS)},
 year = {2016}
} 

@inproceedings{zhang:vtrust,
 author = {Zhang, Chao and Carr, Scott A. and Li, Tongxin and Ding, Yu and Song, Chengyu and Payer, Mathias and Song, Dawn},
 title = {VTrust: Regaining Trust on Virtual Calls},
 booktitle = {Symposium on Network and Distributed System Security (NDSS)},
 year = {2016}
}

@inproceedings{crane:readactor++,
 author = {Crane, Stephen and Volckaert, Stijn and Schuster, Felix and Liebchen, Christopher and Larsen, Per and Davi, Lucas and Sadeghi, Ahmad-Reza and Holz, Thorsten and De Sutter, Bjorn and Franz, Michael},
 title = {It's a TRaP: Table Randomization and Protection against Function-Reuse Attacks},
 booktitle = {Proceedings of the ACM SIGSAC Conference on Computer and Communications Security (CCS)},
 year = {2015}
}

@inproceedings{jujutsu,
 author = {Evans, Isaac and Long, Fan and Otgonbaatar, Ulziibayar and Shrobe, Howard and Rinard, Martin and Okhravi, Hamed and Sidiroglou-Douskosr, Stelios},
 title = {Control Jujutsu: On the Weaknesses of Fine-Grained Control Flow Integrity},
 booktitle = {Proceedings of the ACM SIGSAC Conference on Computer and Communications Security (CCS)},
 year = {2015}
}

@inproceedings{caballero:inference,
 author = {Caballero, Juan and Lin, Zhiqiang},
 title = {Type Inference on Executables},
 booktitle = {ACM Computing Surveys (CSUR)},
 year = {2016}
}

@inproceedings{veen:cfi,
 author = {Veen, Victor van der and Andriesse, Dennis and Göktas, Enes and Gras, Ben and
 Sambuc, Lionel and Slowinska, Asia and Bos, Herbert and Giuffrida, Cristiano},
 title = {Practical Context-Sensiticve CFI},
 booktitle = {Proceedings of the ACM SIGSAC Conference on Computer and Communications Security (CCS)},
 year = {2015}
}

@inproceedings{andriesse:indepth,
 author = {Andriesse, D. and Chen, X. and Veen, V. van der and Slowinska, A. and Bos, H.},
 title = {An In-Depth Analysis of Disassembly on Full-Scale x86/x64 Binaries},
 booktitle = {Proceedings of the USENIX Conference on Security (USENIX SEC)},
 year = {2016}
}

@inproceedings{lin:rewards,
 author = {Lin, Zhiqiang and Zhang, Xiangyu and Xu, Dongyan},
 title = {Automatic Reverse Engineering of Data Structures from Binary Execution},
 booktitle = {Symposium on Network and Distributed System Security (NDSS)},
 year = {2010}
}

@inproceedings{bap:brumley,
 author = {Brumley, David and Jager, Ivan and Avgerinos, Thanassis and Schwartz, Edward J.},
 title = {BAP: A Binary Analysis Platform},
 booktitle = {Proceedings of Computer AidedVTint: Protecting Virtual Function Tab Verification (CAV)},
 year = {2011}
}

@inproceedings{fokin:smartdec,
 author = {Fokin, Alexander and Derevenets, Yegor and Chernov, Alexander and Troshina, Katerina},
 title = {SmartDec: Approaching C++ decompilation},
 booktitle = {Working Conference on Reverse Engineering (WCRE)},
 year = {2011}
}

@inproceedings{divine:balakrishnan,
 author = {Balakrishnan, G. and Reps, T.},
 title = {DIVINE: Discovering Variables in Executables},
 booktitle = {International Conference on Verification, Model Checking, and Abstract Interpretation (VMCAI)},
 year = {2007}
}

@inproceedings{alan:mycroft,
 author = {Mycroft, Alan},
 title = {Lecture Notes},
 note={\url{https://www.cl.cam.ac.uk/~am21/papers/sas07slides.pdf}},
 year = {2007}
}

@inproceedings{bernat:dyninst,
 author = {Bernat, Andrew R. and Miller, Barton P.},
 title = {Anywhere, Any-Time Binary Instrumentation},
 booktitle = {Proceedings of the 10th ACM SIGPLAN-SIGSOFT workshop on Program analysis for software tools, (PASTE)},
 year = {2011}
}

@inproceedings{dynamorio:drmemory,
 author = "",
 title = {DynamoRIO},
 note={\url{http://dynamorio.org/home.html}}
}
---
@inproceedings{iso:iecN3690,
 author = {I. JTC1/SC22WG21},
 title = {ISO/IEC 14882:2013 Programming Language C++ (N3690)},
 year = {2013},
 note={\url{https://isocpp.org/files/papers/N3690.pdf}}
}

@inproceedings{byoungyoung:typecasting,
 author = {Lee, Byoungyoung and Song, Chengyu and Kim, Taesoo and Lee, Wenke},
 title = {Type Casting Verification: Stopping an Emerging Attack Vector},
 booktitle = {Proceedings of the USENIX Conference on Security (USENIX SEC)},
 year = {2015}
}

@inproceedings{abadi:cfi2,
 author = {Abadi, Martin and Budiu, Mihai and Erlingsson, {\'U}lfar and Ligatti, Jay},
 title = {Control Flow Integrity},
 booktitle = {Proceedings of the 12th ACM Conference on Computer and Communications Security (CCS)},
 year = {2005}
}

@inproceedings{abadi:cfi,
 author = {Abadi, Martin and Budiu, Mihai and Erlingsson, {\'U}lfar and Ligatti, Jay},
 title = {Control Flow Integrity Principles, Implementations, and Applications},
 booktitle = {ACM Transactions on Information and System Security (TISSEC)},
 year = {2009}
}

@inproceedings{mcfi:niu,
 author = {Niu, Ben and Tan, Gang},
 title = {Modular Control-Flow VTint: Protecting Virtual Function TabIntegrity},
 booktitle = {ACM Conferece on Programming Language Design and Implementation (PLDI)},
 year = {2014}
}

@inproceedings{rockjit:niu,
 author = {Niu, Ben and Tan, Gang},
 title = {RockJIT: Securing Just-In-Time Compilation Using Modular Control-Flow Inegrity},
 booktitle = {Proceedings of the ACM Conference on Computer and Communications Security (CCS)},
 year = {2014}
}

@inproceedings{perinput:niu,
 author = {Niu, Ben and Tan, Gang},
 title = {Per-Input Control-Flow Integrity},
 booktitle = {Proceedings the ACM Conference on Computer and Communications Security (CCS)},
 year = {2015}
}

@inproceedings{vtint:zhang,
 author = {Zhang, Chao and Song, Chengyu and Zhijie, Kevin Chen and Chen, Zhaofeng and Song, Dawn},
 title = {vTint: Protecting Virtual Function Tables\' Integrity},
 booktitle = {Proceedings of the Symposium on Network and Distributed System Security (NDSS)},
 year = {2015}
}

@inproceedings{vfuard:aravind,
 author = {Prakash, Aravind and Hu, Xunchao and Yin, Heng},
 title = {Strict Protection for Virtual Function Calls in COTS C++ Binaries},
 booktitle = {Symposium on Network and Dist---ributed System Security (NDSS)},
 year = {2015}
}

@inproceedings{dynaguard:petsios,
 author = {Petsios, Theofilos and Kemerlis, Vasileios P. and Polychronakis, Michalis and Keromytis, Angelos D.},
 title = {DynaGuard: Armoring Canary-based Protections against Brute-force Attacks},
 booktitle = {Annual Computer Security Applications Conference (ACSAC)},
 year = {2015}
}

@inproceedings{pblocker:prakash,
 author = {Prakash, Aravind and Yin, Heng},
 title = {Defeating ROP Through Denial of Stack Pivot},
 booktitle = {Annual Computer Security Applications Conference (ACSAC)},
 year = {2015}
}

@inproceedings{mohan:opaque,
 author = {Mohan, Vishwath and Larsen, Per and Brunthaler, Stefan and Hamlen, Kevin W. and Franz, Michael},
 title = {Opaque Control-Flow Integrity},
 booktitle = {Symposium on Network and Dist---ributed System Security (NDSS)},
 year = {2015}
}

@inproceedings{cfci:zhang,
 author = {Zhang, Mingwei and Sekar, R.},
 title = {Control Flow and Code Integrity for COTS binaries: An Effective Defense Against Real-ROP Attcks},
 booktitle = {Annual Computer Security Applications Conference (ACSAC)},
 year = {2015}
}

@inproceedings{ccfir:zhang,
 author = {Zhang, Chao and Wei, Tao and Chen, Zhaofeng and Duan, Lei and Szekeres, Laszlo and McCamant, Stephen and Song, Dawn and Zou, Wei},
 title = {Practical Control Flow Integrity \& Randomization for Binary Executables},
 booktitle = {Proceedings of the IEEE Symposium on Security and Privacy (S\&P)},
 year = {2013}
}

@inproceedings{cfiguard:yuan,
 author = {Yuan, Pinghai and Zeng, Qingkai and Ding, Xuhua},
 title = {Hardware-Assisted Fine-Grained Code-Reuse Attack Detection},
 booktitle = {Proceedings of the International Symposium on Research in Attacks, Intrusions, and Defenses (RAID)},
 year = {2015}
}

@inproceedings{ccfi:jose,
 author = {Mashtizadeh, Ali José and Bittau, Andrea and Boneh, Dan and Mazières, David},
 title = {CCFI: Cryptograhically Enforced Control Flow Integrity},
 booktitle = {Proceedings of the ACM SIGSAC Conference on Computer and Communications Security (CCS)},
 year = {2015}
}

@inproceedings{dep,
 author = {Microsoft, Changes to Functionality in Microsoft Windows XP Service Pack 2.},
 note={\url{https://technet.microsoft.com/en-us/library/bb457151.aspx.}}
}

@inproceedings{ASLR,
 author = {PaX Team. Address Space Layout Randomization},
 year = {2001},
 note={\url{https://pax.grsecurity.net/docs/aslr.txt}}
}

@inproceedings{ROP,
 author = {Buchanan, E. and Roemer, R. and Shacham, H. and Savage, S.},
 title = {When Good Instructions Go Bad: Generalizing Return-oriented Programming to RISC},
 year = {2008},
 booktitle = {ACM Conference on Computer and Communications Security (CCS)}
}

@inproceedings{NVD:ACE,
 author = {US NIST National Vulnerability Database (NVD)},
 title = {In total 700 arbitrary code executions reported, Jan.'08 to May'17},
 year = {2017},
 note={\url{https://nvd.nist.gov/vuln/search/results?adv_search=true&form_type=advanced&results_type=overview&query=arbitrary+code+execution&pub_date_start_month=0&pub_date_start_year=2008&pub_date_end_month=6&pub_date_end_year=2017}}
}


@inproceedings{JOP1,
 author = {Bletsch, T. and Jiang, X. and Freeh, V. W. and Liang, Z.},
 title = {Jump-Oriented Programming: A New Class of Code-Reuse Attack},
 booktitle = {ACM Asia Conference on Computer and Communications Security (ASIACCS)},
 year = {2011}
}

@inproceedings{reprod:nist,
 author = {Wayne Jansen},
 title = {Directions in Security Metrics Research},
 booktitle = {NISTIR 7564},
 year = {2009},
 note={\url{http://nvlpubs.nist.gov/nistpubs/Legacy/IR/nistir7564.pdf}}
}

@inproceedings{itanium:abi,
 title = {Itanium C++ ABI},
 note={\url{https://mentorembedded.github.io/cxx-abi/abi.html}}
}

@inproceedings{arm:abi,
 title = {C++ ABI for the ARM Architecture},
 year = {2015},
 note={\url{http://infocenter.arm.com/help/topic/com.arm.doc.ihi0041e/IHI0041E cppabi.pdf}}
}

@inproceedings{microsoft:abi,
 title = {J. Gray. C++: Under the Hood},
 year = {1994},
 note={\url{http://www.openrce.org/articles/files/jangrayhood.pdf}}
}


@inproceedings{JOP2,
 author = {Checkoway, S. and Davi, L. and Dmitrienko, A. and Sadeghi, A.-R. and Shacham, H. and Winandy, M.},
 title = {Return-oriented Programming Without Returns},
 booktitle = {ACM Conference on Computer and Communications Security (CCS)},
 year = {2010}
}

@inproceedings{JOP3,
 author = {Davi, L. and Dmitrienko, A. and Sadeghi, A.-R. and Winandy, M.},
 title = {Return-Oriented Programming without Returns on ARM},
 booktitle = {Technical report, Technical Report HGI-TR-2010-002, Ruhr-University Bochum},
 year = {2010}
}

@inproceedings{rop:carlini,
 author = {Carlini, Nicholas and Wagner, David},
 title = {ROP is still dangerous: Breaking Modern Defenses},
 booktitle = {Proceedings of the USENIX conference on Security (USENIX SEC)},
 year = {2014}
}

@inproceedings{kornau:rop,
 author = {Kornau, T.},
 title = {Return-Oriented Programming for the ARM Architecture},
 year = {2009},
 note={\url{http://www.zynamics.com/downloads/kornau-tim--diplomarbeit--rop.pdf}}
}

@inproceedings{rop:shacham,
 author = {Shacham, H.},
 title = {The Geometry of Innocent Flesh on the Bone: Return-into-Libc without Function Calls (On the x86)},
 booktitle = {ACM Conference on Computer and Communications Security (CCS)},
 year = {2007}
}

@inproceedings{carlini:bending,
 author = {Carlini, Nicolas and Barresi, Antonio and Payer, Mathias and Wagner, David and Gross, Thomas R.},
 title = {Control-Flow Bending: On the Effectiveness of Control-Flow Integrity},
 booktitle = {Proceedings of the USENIX conference on Security (USENIX SEC)},
 year = {2015}
}

@inproceedings{conti:ccs,
 author = {Conti, Mauro and Larsen, Per and Crane, Stephen   and Davi, Lucas and Franz, Michael and Negro, Marco and  Liebchen, Christopher and Qunaibit, Mohaned and Sadeghi, Ahmad-Reza},
 title = {Losing Control: On the Effectiveness of Control-Flow Integrity Under Stack Attacks},
 booktitle = {Proceedings of the ACM SIGSAC Conference on Computer and Communications Security (CCS)},
 year = {2015}
}

@inproceedings{skowyra:systemetic,
 author = {Skowyra, R. and Casteel, K. and Okhravi, H. and Zeldovich, N. and Streilein, W.},
 title = {Systematic Analysis of Defenses Against Return-Oriented Programming},
 booktitle = {Proceedings of the International Symposium on Research in Attacks, Intrusions, and Defenses (RAID)},
 year = {2013}
}

@inproceedings{goktas:outofcontrol,
 author = {Göktas, Enes and Athanasopoulos, Elias and Bos, Herbert and Portokalidis, Georgios},
 title = {Out Of Control: Overcoming Control-Flow Integrity},
 booktitle = {Proceedings of the IEEE Symposium on Security and Privacy (S\&P)},
 year = {2014}
}

@inproceedings{minghua:binary,
 author = {Wang, Minghua and Yin, Heng and Bhaskar, Abhishek Vasisht and Su, Purui and Feng, Dengguo},
 title = {Binary Code Continent: Finer-Grained Control Flow Integrity for Stripped Binaries},
 booktitle = {Annual Computer Security Applications Conference (ACSAC)},
 year = {2015}
}

